3500 5317
855 577 995 637 ..a-

410 706 507 767 tinctu
529 722 641 767 canum
665 710 824 787 perspecto
840 703 946 767 dices:
971 704 1010 765 ad
1036 707 1241 769 venationem.
1266 707 1309 768 lta
1335 705 1438 786 cajus-

409 827 543 890 cumque
557 806 698 869 animalis
717 813 826 870 natura
847 808 983 890 cognita,
1006 807 1092 871 iacile
1116 810 1207 891 hujus
1226 809 1437 889 consuetudo,

409 913 457 975 vis
477 920 508 975 et
524 930 623 975 mores
639 913 857 975 convenientes
881 912 1128 993 explicabuntur.
1151 914 1232 989 Quin
1252 921 1283 976 et
1305 932 1375 976 mox
1390 914 1441 975 in·

410 1020 516 1082 venies
530 1020 631 1082 omnia
646 1017 788 1081 animalia
804 1036 840 1081 ea
857 1025 977 1081 tantum
993 1038 1081 1101 posse
1095 1020 1269 1083 conditione
1280 1019 1440 1098 vivere,ut

307 1138 310 1143 ·
407 1142 495 1187 suam
521 1122 667 1205 qnodque
701 1130 848 1204 suquatur
880 1123 1085 1205 observetque
1102 1131 1256 1187 naturam.
1282 1126 1360 1205 Ergo
1384 1142 1439 1187 sua

409 1246 532 1310 qnoque
545 1228 660 1290 homini
674 1226 866 1290 observanda
880 1235 926 1289 est
937 1235 1066 1307 natura,
1080 1236 1114 1291 ut
1129 1230 1200 1291 vitea
1214 1248 1279 1292 suae
1290 1230 1438 1293 rationem

408 1351 590 1416 cognoscere
604 1332 718 1411 valeat,
736 1351 904 1413 moresque
920 1333 979 1395 sibi
996 1335 1090 1416 possit
1109 1335 1207 1397 iacere
1223 1342 1437 1416 congruentes.

451 1441 522 1501 llaec
546 1446 592 1503 est
607 1440 741 1502 humana
757 1447 883 1512 acturo,
903 1457 941 1500 ex
958 1457 1030 1520 qua,
1050 1438 1135 1503 velut
1150 1459 1188 1503 ex
1205 1441 1298 1518 iente,
1316 1456 1439 1502 omnem

410 1544 576 1607 officiorum
603 1543 737 1606 derivari
760 1542 898 1624 regulam
925 1542 1061 1606 Ciceroni
1084 1542 1183 1624 placet
1210 1570 1217 1605 r
1247 1542 1363 1624 quippe
1389 1542 1439 1603 cui

407 1651 480 1730 fiaes
492 1650 534 1713 ita
545 1649 748 1712 observandae
759 1648 914 1727 videntur,
928 1655 963 1709 ut
976 1666 1028 1711 eas
1042 1649 1131 1729 quasi
1144 1648 1329 1731 principium
1344 1647 1440 1729 quod·

409 1755 481 1818 dam
498 1758 676 1819 universum
698 1756 765 1817 sine
785 1755 845 1817 ulla
867 1755 1089 1836 disceptatione
1114 1755 1253 1836 accipiat.
1285 1754 1438 1818 Permulta

409 1862 546 1942 primum
560 1860 735 1923 eommunia
749 1858 926 1921 hominibus
937 1859 1109 1939 ceterisque
1121 1857 1331 1921 animantibus
1347 1859 1440 1922 insita

410 1982 478 2026 esse
494 1963 683 2027 demonstrat
696 1971 727 2025 et
743 1963 848 2025 innata
867 1989 874 2023 ι
897 1984 910 2020 ι
928 1962 1097 2043 Principio,
1115 1964 1218 2044 generi
1235 1964 1438 2027 animantium

410 2068 494 2130 omni
511 2074 557 2129 est
572 2086 589 2129 a
606 2074 716 2129 nature
735 2066 886 2129 tributum
899 2073 933 2127 ut
956 2084 1006 2145 se,
1032 2068 1126 2129 vitam
1150 2086 1322 2149 corpusque
1350 2073 1439 2130 tuea-

411 2178 482 2249 tur,
510 2169 704 2251 declinetque
729 2188 765 2231 ea
793 2188 865 2251 quae
896 2170 1034 2233 nocitura
1059 2170 1242 2251 videantur,
1272 2172 1436 2253 omniaque

408 2293 613 2357 quaecumque
629 2275 668 2338 ad
685 2274 854 2338 vivendum
870 2276 933 2338 sint
947 2278 1117 2341 necessaria
1132 2278 1277 2358 anquirat
1290 2284 1321 2339 et
1336 2285 1435 2359 paret,

408 2386 445 2443 ut
459 2387 600 2461 pastum,
617 2387 653 2442 nt
668 2378 812 2459 latibula,
829 2387 863 2442 ot
881 2380 939 2443 alia
955 2381 1075 2462 generis
1091 2379 1229 2462 ejusdem
1249 2382 1303 2458 (ι).
1330 2405 1343 2437 ι
1365 2383 1439 2461 iimo

409 2482 518 2547 eadem
546 2483 755 2565 suimetipsius
787 2482 992 2546 conservandi
1028 2491 1137 2547 natura
1173 2484 1254 2545 inest
1293 2483 1431 2563 homini;

410 2589 582 2651 eommunis
603 2596 706 2651 autem
734 2594 781 2651 est
797 2587 878 2649 illius
894 2588 1159 2669 animantiumque
1175 2587 1312 2651 omnium
1332 2610 1345 2645 a
1364 2606 1440 2650 con-

405 2693 572 2775 junctionis
593 2693 764 2774 appetitus,
787 2690 969 2773 procreandi
987 2710 1077 2754 causa
1089 2735 1098 2770 ,
1125 2699 1156 2753 et
1185 2710 1259 2754 aura
1291 2693 1435 2773 quaedam

409 2817 516 2862 eornm
532 2817 605 2880 quar
618 2803 776 2879 procreata
791 2803 863 2859 sunt
879 2798 933 2873 (2).
953 2820 967 2854 a
996 2850 998 2857 .

449 2906 482 2968 Si
498 2911 602 2967 autem
620 2903 742 2984 penitus
765 2903 964 2984 exquiramus
986 2921 1056 2984 quae
1079 2903 1119 2965 sit
1142 2903 1275 2967 hominis
1302 2911 1431 2984 natura,

409 3027 480 3071 mox
496 3008 691 3073 inveniemus
705 3007 867 3070 inteream
890 3013 921 3069 et
939 3012 1039 3069 cetera
1050 3008 1223 3071 'animantia
1237 3009 1294 3071 hoc
1306 3008 1435 3090 capitale

408 3115 574 3192 interesse,
589 3113 673 3194 quod
689 3112 789 3192 solus,
806 3132 840 3176 se
867 3114 970 3194 ipsum
991 3130 1142 3193 uomens,
1168 3115 1199 3177 ui
1223 3114 1357 3196 quadam
1384 3115 1438 3177 in-

410 3226 497 3282 terna
511 3220 693 3299 instruitur,
711 3238 804 3300 quam
820 3219 967 3282 rationem
980 3238 1124 3283 vocamus
1137 3248 1143 3282 :
1157 3238 1228 3301 qum
1243 3220 1289 3283 vis
1305 3228 1438 3285 natura·

408 3324 464 3405 lis,
488 3343 582 3407 quam
608 3343 699 3388 nemo
722 3326 781 3387 nisi
806 3326 955 3407 sophistes
979 3326 1012 3388 in
1036 3327 1199 3407 semetipso
1224 3327 1348 3391 insitam
1376 3347 1439 3391 non

407 3430 587 3512 perspiciat,
617 3448 674 3493 uos
702 3430 815 3493 invicta
842 3431 1022 3493 necessitate
1056 3430 1185 3511 impellit
1214 3430 1255 3494 ad
1281 3432 1435 3514 permulta

408 3553 512 3615 quaec
529 3533 638 3598 belluis
654 3535 778 3601 omnino
794 3534 975 3616 ignorantur
991 3559 999 3597 ι
1017 3542 1110 3616 atque
1124 3552 1249 3597 necesse
1265 3543 1311 3597 est
1326 3554 1382 3599 nos
1399 3555 1438 3599 ex

406 3640 594 3706 haereticae
609 3640 733 3722 propria
757 3641 892 3722 propriae
911 3641 983 3703 vitae
1000 3647 1155 3724 praccepta
1169 3640 1315 3720 haurire,
1340 3661 1358 3705 a
1375 3644 1439 3705 vita

406 3742 576 3807 belluarum
605 3743 784 3810 differentis.
813 3744 902 3819 Quod
927 3745 986 3807 nisi
1010 3746 1172 3825 iaciemus,
1193 3753 1311 3809 naturae
1327 3753 1440 3811 nostrae

405 3856 622 3930 repugnantes,
638 3850 713 3932 ipsis
729 3850 829 3913 brutis
845 3848 998 3913 brutiores
1015 3850 1142 3928 erimus,
1160 3869 1231 3932 quae
1247 3869 1334 3914 suam
1345 3870 1437 3933 quae-

407 3969 468 4031 que
484 3960 626 4015 naturam
643 3953 771 4016 inomni
788 3973 854 4019 sure
871 3955 944 4018 vitae
961 3972 1018 4019 usu
1035 3962 1275 4039 persequuntur.

439 4186 473 4251 (ι)
490 4187 526 4239 m
538 4188 648 4254 osaea,
662 4190 687 4253 1,
699 4191 723 4241 ι.

438 4271 555 4339 (arua.
