3500 5317
881 608 1041 671 ...42-

444 750 507 809 sicc
527 762 596 807 esse
616 751 746 825 negant,
779 743 907 826 ipseque
923 741 1091 817 Panotios,
1113 741 1177 805 dux
1200 741 1376 819 Ciceronis,
1408 740 1475 805 vult

444 848 598 932 quidquid
612 856 718 910 natum
734 848 774 910 sit
787 847 915 909 interire
928 846 982 925 (t).

483 1060 625 1121 Attamen
641 1057 796 1121 sanctione
812 1056 1028 1138 qualicumque
1049 1075 1126 1139 opus
1140 1065 1205 1120 erat
1220 1058 1315 1121 Tullio
1333 1102 1341 1138 ‚
1364 1065 1398 1121 ut
1414 1076 1469 1121 sua

442 1163 672 1227 commendaret
688 1162 786 1244 officio
807 1162 935 1225 civibus.
960 1163 1031 1225 Viro
1045 1162 1252 1226 eruditissimo
1268 1164 1299 1227 C.
1319 1166 1343 1227 l.
1367 1163 1473 1226 Benolt

443 1270 527 1331 visus
546 1275 592 1329 est
607 1266 721 1329 Tullius
733 1268 893 1329 bominum
907 1266 1091 1347 quibuscum
1110 1267 1242 1330 vivimus
1253 1268 1426 1349 opinionem
1442 1276 1473 1330 et

441 1375 554 1435 bmam
578 1379 613 1434 ut
638 1372 827 1433 sanctionem
854 1370 928 1451 legis
967 1371 1125 1433 invocasse
1157 1371 1279 1435 moralis
1312 1374 1363 1451 (2).
1408 1373 1472 1435 Hac

442 1486 562 1541 tantum
593 1478 794 1540 ostentatione
834 1485 866 1538 et
892 1476 985 1559 gloria
1010 1478 1121 1540 sanciri
1153 1485 1306 1561 praecepta
1333 1478 1470 1541 Tulliana

443 1582 517 1645 mihi
534 1582 635 1643 minus
654 1580 774 1662 placet;
795 1588 826 1643 et
843 1598 1028 1662 quamquam
1046 1580 1198 1662 permulta
1215 1580 1350 1643 debona
1367 1582 1467 1662 tama,

442 1683 482 1746 de
496 1692 646 1765 apparatu
660 1685 811 1747 exteriore
828 1702 959 1762 morum,
984 1683 1022 1745 de
1052 1683 1134 1745 cultu
1151 1684 1243 1745 otiam
1274 1686 1409 1765 corporis
1439 1694 1471 1747 et

442 1789 560 1867 habitu,
577 1788 726 1869 inprime
740 1788 818 1851 libro
835 1788 1033 1869 praescripsit,
1048 1788 1133 1849 illum
1150 1795 1252 1850 tamen
1272 1795 1304 1850 et
1324 1808 1417 1851 sensu
1440 1796 1472 1852 et

441 1894 629 1975 experientia
647 1892 811 1974 praeditum
832 1894 924 1955 tuisse
951 1892 1065 1973 majore
1085 1892 1211 1972 opinor,
1230 1910 1323 1971 quam
1340 1892 1395 1973 qui
1409 1900 1471 1969 tam

443 1999 565 2061 infirme
586 1998 674 2060 firma
697 2005 852 2079 praecepta
872 1997 1015 2059 sanciret.
1041 1996 1143 2070 Quum
1173 1997 1206 2057 in
1229 1996 1329 2060 locum
1350 1997 1473 2073 virtutis

440 2122 576 2166 romanae
589 2102 758 2165 deficientis
776 2103 903 2165 stoicam
924 2101 1111 2164 substituere
1124 2102 1274 2164 virtutem
1287 2102 1472 2185 aggredere·

442 2217 515 2288 tur,
534 2226 609 2270 num
626 2226 750 2289 sperare
766 2214 868 2289 posset
882 2226 915 2269 se
940 2207 1019 2269 lama
1048 2205 1114 2268 sola
1141 2206 1299 2269 infamiam
1317 2206 1472 2288 publicam

441 2314 706 2394 expurgaturum‘l
733 2310 815 2385 Quid
831 2310 952 2372 valebat
974 2310 1088 2391 opinio,
1109 2309 1184 2373 diris
1199 2310 1336 2374 Catilinae
1358 2319 1389 2386 et
1405 2311 1471 2373 (2ae-

441 2420 518 2483 saris
542 2417 756 2500 temporibus‘t
773 2418 847 2491 Quis
870 2424 943 2479 tunc
961 2435 1017 2497 pro
1036 2416 1131 2498 gloria
1148 2436 1309 2491 nummos,
1327 2419 1470 2495 bonores,

441 2525 615 2606 voluptates
630 2524 807 2603 linqueret‘l
823 2524 986 2604 Quumque
1003 2524 1035 2583 in
1053 2523 1175 2587 Somnio
1189 2523 1333 2605 Scipionis
1350 2526 1473 2588 vanita-¹

440 2639 502 2695 tem
519 2639 550 2692 et
564 2629 722 2695 illecebras
737 2628 841 2710 gloriae
856 2629 1002 2692 humanae
1014 2628 1120 2691 divina
1138 2648 1217 2711 pene
1245 2630 1416 2712 eloquentia
1440 2639 1473 2703 et

439 2735 585 2799 altissimo
601 2740 778 2813 contemptu
803 2732 989 2813 oppresserit
1008 2776 1017 2809 ,
1050 2750 1113 2793 non
1131 2734 1208 2795 tanti
1226 2732 1353 2815 gloriam
1386 2737 1471 2799 aesti-

323 2908 330 2919 Ι
440 2854 540 2899 masse
554 2834 675 2897 videtur
691 2841 806 2913 noster,
828 2842 863 2896 ut
881 2833 924 2896 illi
954 2841 1073 2897 tantum
1089 2835 1188 2897 locum
1206 2843 1387 2919 tantamque
1410 2858 1469 2921 po·

440 2941 567 3003 tentiam
607 2939 641 2999 in
677 2938 805 3001 aedificio
841 2956 962 3001 morum
993 2938 1254 3004 restituendorum
1287 2943 1467 3023 assignaret.

442 3071 456 3105 ι
476 3049 566 3124 Vera,
581 3046 699 3125 inquit,
718 3052 748 3107 et
764 3045 887 3126 sapiens
901 3045 995 3106 animi
1015 3045 1204 3126 magnitudo,
1216 3048 1381 3111 honestum
1393 3048 1469 3111 illud

439 3149 523 3231 quod
541 3150 673 3211 maxime
705 3156 816 3210 natura
836 3149 998 3230 sequitur,
1020 3148 1052 3209 in
1077 3150 1164 3211 iactis
1182 3151 1334 3230 positum,
1359 3152 1470 3229 nonin

438 3254 531 3336 gloria
545 3251 699 3331 judicat...
717 3252 774 3325 Qui
789 3272 827 3314 ex
840 3270 944 3315 errore
959 3253 1113 3333 imperitae
1122 3253 1328 3315 multitudinis
1342 3254 1469 3335 pendet,

438 3359 535 3427 hicin
556 3356 673 3437 magnis
691 3356 767 3417 viris
790 3375 851 3417 non
877 3363 924 3418 est
949 3356 1118 3418 habendus.
1144 3379 1157 3413 n
1191 3357 1271 3430 Quin
1288 3364 1319 3419 et
1343 3356 1470 3438 gloriam

438 3481 624 3547 quamquam
640 3480 701 3523 non
718 3461 878 3543 indignam
894 3480 968 3524 cura
989 3468 1019 3524 et
1034 3461 1134 3524 studio
1152 3462 1210 3524 viri
1234 3463 1306 3524 boni
1329 3461 1470 3542 judicat,

438 3577 575 3632 attamen
598 3569 677 3630 hanc
704 3567 905 3648 periculosam
935 3566 1048 3645 babet,
1070 3568 1095 3629 si
1119 3568 1189 3648 quis
1215 3567 1315 3629 bonus
1342 3575 1404 3646 est,
1435 3575 1468 3629 et

437 3676 588 3739 lubricam
610 3702 617 3735 ι
640 3674 824 3735 «Facillime
842 3673 882 3736 ad
908 3692 957 3736 res
984 3674 1112 3753 injustas
1138 3674 1316 3754 impellitur,
1333 3681 1366 3735 ut
1387 3673 1472 3754 quis-

437 3800 498 3861 que
515 3789 560 3843 est
574 3779 721 3843 altissimo
736 3779 859 3859 animo,
872 3785 903 3840 et
919 3777 1022 3859 gloriae
1039 3777 1218 3859 cupiditate.
1240 3780 1298 3853 Qui
1315 3777 1398 3842 locus
1426 3786 1474 3841 est

471 3983 505 4049 (l)
523 3984 593 4035 l'csc.
608 3983 711 4049 Qccst„
724 3983 752 4043 Ι,
766 3995 843 4035 ιιιιιιι.

471 4070 505 4135 (2)
522 4069 645 4121 Historicc
656 4069 686 4120 tic
697 4069 729 4120 li.
746 4069 772 4120 l'.
786 4067 910 4123 Ciceronis
923 4067 1018 4133 Officiis
1031 4067 1220 4129 commentatio,
1233 4066 1252 4118 V
1266 4084 1272 4117 ι
1291 4067 1395 4121 Sublato
1412 4068 1474 4119 rico-

439 4170 497 4207 rcm
519 4156 669 4207 anctoritate
688 4155 926 4221 immortalitnthue
943 4155 1103 4219 animarum,
1117 4156 1205 4221 qulbus
1223 4156 1303 4207 uirtus
1322 4156 1472 4221 sanciatur,

439 4244 600 4307 omncmjsm
610 4241 751 4307 officiorum
760 4242 942 4294 institutionem
958 4241 1043 4297 Cicero
1054 4242 1086 4293 cti
1096 4242 1211 4295 decoram
1219 4242 1410 4293 ostentationem
1421 4255 1470 4309 op·

437 4331 653 4402 prolationemque
664 4330 792 4382 nominum
803 4330 914 4385 instruit.
