3500 5317
722 647 882 708 ...39-

291 796 363 839 vera
390 777 571 839 necessitate
592 776 719 838 rationis
741 777 772 837 in
801 776 880 837 banc
905 776 1059 839 notionem
1087 774 1233 856 impelli:
1263 792 1318 839 nos

233 942 238 950 ,
291 882 387 962 ipsos,
404 889 435 943 et
449 897 653 963 quaecumque
669 898 725 941 nos
739 879 948 958 circumdent,
968 898 1044 961 opus
1063 879 1216 960 quoddam
1234 898 1316 959 esse,

290 987 408 1048 ratione
422 986 550 1065 alicujus
560 984 666 1046 mentis
681 985 834 1062 ellectum,
851 1002 943 1064 quarn
959 993 1060 1047 nostra
1076 984 1200 1065 quidem
1217 993 1319 1048 mente

292 1092 493 1173 potentiorem
512 1096 631 1152 sancet
648 1088 814 1168 majorem,
833 1095 865 1149 at
881 1095 994 1149 nostrae
1011 1095 1113 1149 tamen
1130 1087 1260 1149 similem
1289 1094 1320 1149 et

289 1216 363 1260 vera
386 1195 625 1259 assimulandam
650 1192 833 1275 judicamus.
861 1195 906 1255 Ex
937 1212 998 1275 qua
1032 1192 1317 1273 similitudine'jam

291 1312 431 1366 naturam
446 1304 586 1384 ipsamet
601 1300 688 1384 quasi
701 1300 808 1363 taciem
825 1300 916 1379 hujus
932 1300 1038 1362 meotis
1056 1300 1189 1379 majoris,
1206 1299 1320 1361 scilieet

291 1411 362 1483 Dei,
385 1409 603 1490 perspicimus,
627 1407 684 1468 hac
708 1414 810 1468 tamen
831 1404 1014 1483 differentia,
1033 1404 1116 1485 quod
1143 1407 1223 1468 Deus
1253 1406 1319 1486 ipse

291 1515 387 1575 torma
409 1520 455 1575 est
479 1521 511 1575 et
530 1512 627 1591 idaea,
656 1529 710 1573 uos
737 1519 839 1574 autem
868 1508 1100 1572 similitudinem
1124 1517 1241 1573 tantum
1265 1510 1318 1573 Dei
1422 1559 1425 1565 ,

290 1617 505 1680 adumbratam
521 1616 690 1678 referimus.

332 1723 375 1783 Ne
391 1728 494 1782 tamen
511 1719 550 1782 ab
565 1720 686 1800 incepto
710 1718 828 1799 longius
843 1714 1034 1795 deerremus,
1052 1735 1232 1799 morumque
1244 1716 1319 1781 obli-

295 1827 459 1888 visoamur.
475 1825 506 1887 Si
523 1825 592 1906 quis
608 1823 693 1885 laber
709 1824 835 1885 formam
861 1824 934 1904 equi
957 1830 1010 1885 aut
1029 1821 1124 1885 leonis
1146 1823 1319 1904 exprimere

293 1929 503 2012 aggredietur,
523 1946 559 1989 ea
576 1935 696 1991 tantum
719 1925 892 1990 conditione
918 1946 994 2008 opus
1009 1927 1178 2008 perlectum
1206 1928 1319 2010 produ·

294 2041 342 2096 cet
358 2079 367 2113 ,
385 2040 419 2096 ut
434 2040 618 2095 structuram
634 2034 718 2112 lerae,
731 2033 885 2114 totiusque
903 2033 1038 2114 corporis
1055 2033 1215 2111 rationem,
1232 2034 1321 2097 insti·

295 2139 503 2218 tutionemque
526 2146 557 2200 et
588 2138 681 2200 linem
698 2138 938 2218 uuiuscujusque
960 2137 1091 2199 membri
1115 2139 1316 2217 pernoverit:

295 2262 396 2325 neque
411 2262 548 2323 unquam
565 2262 645 2324 equo
657 2261 775 2324 ungues
791 2243 923 2322 inutiles,
939 2262 1038 2323 neque
1053 2241 1133 2305 leoni
1143 2242 1256 2323 pedem
1268 2260 1319 2305 so·

296 2354 419 2409 nantem
437 2345 544 2407 dabit:
561 2346 677 2426 quippe
695 2363 766 2425 quae
780 2364 837 2407 uec
850 2345 939 2424 vitae,
958 2364 1016 2407 neo
1035 2351 1153 2407 naturae
1180 2345 1251 2425 equi
1269 2352 1322 2408 aut

295 2451 390 2513 leonis
421 2456 598 2531 congruant.
630 2448 718 2511 Haud
745 2449 850 2529 aliter,
880 2450 907 2511 si
928 2450 966 2511 ad
999 2449 1155 2511 bominem
1180 2457 1319 2531 spectes,

296 2552 446 2634 agendum
459 2560 517 2614 est.
535 2552 601 2624 Quo
619 2551 712 2631 igitur
729 2550 819 2613 modo
838 2570 1018 2633 cognoscere
1034 2552 1147 2632 poteris
1167 2571 1237 2633 quae
1253 2572 1322 2617 oon·

295 2660 385 2721 nexio
399 2666 430 2720 et
445 2657 643 2739 congruentia
659 2657 700 2719 sit
717 2658 797 2718 iuter
810 2656 999 2720 voluntatem
1018 2665 1048 2720 et
1061 2658 1222 2738 actionem,
1242 2658 1322 2721 inter

295 2764 450 2826 hominem
475 2761 615 2825 libertate
644 2760 825 2843 praeditum,
855 2762 1030 2843 similesque
1054 2762 1317 2843 ipsiushomiues,

293 2886 358 2947 quo
370 2866 503 2946 denique
517 2866 606 2929 modo
623 2866 698 2947 iopes
717 2866 841 2929 rationis
868 2874 899 2929 et
921 2866 994 2928 vitre
1025 2868 1229 2947 cognoveris,
1262 2868 1323 2934 nisi

297 2973 382 3053 prius
394 2979 424 3033 et
438 2990 497 3051 quo
513 2971 638 3035 consilio
658 2980 689 3034 et
709 2971 857 3052 quemad
871 2970 962 3033 finem
979 2970 1071 3033 bomo
1088 2977 1177 3034 natus
1193 2972 1233 3033 sit
1253 2990 1324 3053 per·

295 3077 454 3159 spexeris‘l
474 3077 605 3140 Consilio
622 3076 765 3155 absente,
792 3075 873 3137 nulla
889 3076 953 3155 jam
972 3075 1036 3148 len,
1062 3074 1163 3138 nullus
1176 3077 1240 3155 jam
1254 3076 1323 3156 finis

295 3181 421 3262 intelligi
438 3188 544 3261 potest.
574 3182 637 3243 Nisi
658 3188 766 3243 natura
785 3190 887 3243 nostra
902 3199 1047 3261 supremo
1063 3180 1195 3260 quodam
1212 3188 1241 3243 et
1255 3200 1322 3243 orn·

295 3286 452 3366 nipoteute
468 3293 499 3347 at
514 3285 620 3347 divino
640 3284 765 3347 consilio
784 3285 873 3347 uobis
888 3285 1029 3366 imposita
1053 3285 1165 3363 luerit,
1188 3285 1263 3365 quid
1285 3305 1323 3347 ox

296 3390 345 3453 illa
362 3392 478 3453 incerta
495 3398 525 3452 et
538 3410 618 3454 caeca
633 3398 740 3454 natura
757 3391 880 3453 haurire
895 3391 1022 3473 poteris,
1036 3391 1117 3471 quod
1146 3409 1195 3453 mc
1216 3392 1324 3471 jubeat

295 3503 348 3557 aut
366 3497 468 3558 vetet‘l

335 3602 447 3662 Veram
463 3618 534 3680 ergo
550 3608 580 3661 et
598 3619 669 3663 vere
685 3600 925 3682 philosophicam
950 3600 1116 3663 oliioiorum
1138 3599 1272 3681 regulam
1290 3600 1323 3663 in

294 3712 408 3767 nutura
436 3711 538 3766 nostra
563 3706 705 3785 quaesivit
728 3705 854 3768 Tullius.
872 3705 934 3770 Sed
950 3706 1007 3767 nisi
1024 3706 1113 3769 istam
1138 3705 1211 3767 mibi
1229 3713 1322 3771 uatu-

294 3828 362 3871 ram
378 3827 396 3871 a
412 3810 474 3871 lieo
499 3816 635 3871 creatore
661 3818 691 3871 et
716 3811 924 3891 omnipotente
951 3809 1125 3891 impositam
1153 3809 1245 3873 luisse
1265 3810 1322 3872 de·

296 3914 490 3988 monstrabis,
510 3912 593 3977 nulla
609 3914 667 3977 erit
678 3916 842 3977 auctoritas
852 3934 923 3996 quas
936 3933 983 3975 me
994 3914 1042 3977 isti
1057 3921 1176 3977 naturae
1186 3913 1321 3993 studere,

294 4018 383 4081 istius
399 4027 519 4082 naturae
534 4020 696 4101 praeceptis
714 4038 823 4102 parere
839 4026 936 4101 cogat.
954 4018 1069 4083 Tullius
1092 4018 1230 4081 animum
1247 4038 1322 4083 nos·

296 4132 377 4187 trum
394 4144 412 4188 a
428 4124 489 4186 Deo
505 4131 684 4206 generatum
712 4144 780 4187 esse
802 4145 863 4187 non
886 4132 996 4206 negat:
1016 4126 1163 4187 rationem
1187 4131 1322 4189 nostram

295 4228 411 4290 divinae
427 4229 553 4291 rationis
568 4229 746 4310 participem
766 4236 797 4291 et
817 4230 931 4291 sociam
945 4228 1106 4309 profitetur
1125 4254 1131 4289 ι
1150 4227 1205 4291 sed
1225 4246 1321 4309 quum

221 4361 235 4369 -
294 4329 360 4392 hmo
372 4338 408 4393 ut
420 4331 530 4414 placila
545 4339 675 4412 motum,
687 4352 748 4397 nou
763 4339 796 4396 ut
809 4331 1016 4397 demonstrata
1029 4332 1139 4395 allerre
1148 4331 1206 4413 ipsi
1220 4331 1317 4411 liceat,
