3500 5317
881 614 1046 674 ..ra-

445 743 593 808 tuendam
608 744 785 807 meiatatam
801 743 926 809 omrtinn
941 742 1126 819 necessaria,
1143 748 1176 805 at
1191 740 1343 823 arripiant
1357 748 1388 805 at
1402 760 1478 824 par-

446 849 537 912 liuer'a
550 848 776 932 aggrediantur.
793 848 895 929 thue
911 847 1080 923 Quiritibus
1091 866 1186 929 quam
1199 845 1374 911 lauillimam
1386 848 1479 929 hujus

445 955 537 1019 bonae
560 956 760 1036 honestaeque
785 955 857 1018 vitm
885 955 1096 1018 tractationem
1123 962 1297 1037 comparat,
1326 954 1421 1019 multa
1446 964 1479 1017 at

446 1059 566 1125 diversa
581 1060 723 1140 exempla
741 1068 806 1123 tum
820 1077 860 1123 ax
876 1060 995 1140 priuata
1010 1059 1091 1139 vita,'
1101 1065 1167 1122 tum
1177 1078 1219 1121 ax
1234 1058 1357 1140 publiea
1370 1058 1475 1137 sumit,

448 1187 462 1223 u
479 1173 551 1227 aum
565 1165 778 1228 minutissimis
791 1166 857 1227 istis
871 1174 1045 1229 nostrorum
1062 1165 1219 1228 deuterum
1237 1165 1276 1227 da
1292 1164 1475 1228 conscientia

444 1270 676 1351 quaestiunculis
689 1270 873 1334 eonferenda
893 1272 933 1351 (l)
949 1290 956 1350 ;
975 1294 989 1329 n
1006 1278 1099 1352 atqua
1116 1290 1238 1335 umnam
1259 1289 1365 1335 auram
1382 1272 1474 1349 animi

445 1393 629 1457 omnemque
642 1376 758 1458 ingenii
771 1376 934 1439 acuitatem
952 1377 983 1438 in
1001 1374 1058 1438 hoe
1075 1395 1136 1439 uno
1151 1375 1389 1439 demonstrando
1404 1394 1476 1438 aon·

445 1487 562 1561 sacrat,
578 1480 652 1543 nihil
666 1500 732 1543 assa
750 1499 888 1561 unquam
906 1480 998 1560 utile,
1017 1480 1100 1562 quud
1115 1499 1176 1543 non
1190 1481 1373 1559 honestum
1390 1497 1475 1544 sum·

448 1603 528 1648 mam
560 1587 748 1649 honestatam
778 1605 848 1649 cum
879 1604 999 1649 summa
1028 1585 1158 1649 utilitate
1187 1585 1352 1649 aonsaaiari
1382 1592 1474 1665 atqua

447 1690 606 1769 conlundi3
633 1698 664 1753 at
688 1708 786 1772 quum
810 1689 885 1753 nihil
910 1689 1086 1753 hominibus
1114 1688 1283 1753 naturalius
1303 1689 1475 1771 utiliusque

445 1794 588 1857 sacietate
609 1794 660 1857 illa
682 1796 856 1874 communi,
874 1813 945 1876 qum
973 1794 1144 1877 respublica
1166 1800 1235 1873 ast,
1253 1792 1473 1874 unquam-dari

447 1900 561 1981 pessit,
579 1899 654 1961 nihil
674 1900 765 1962 etiam
781 1900 939 1963 honestius
955 1898 1133 1962 habendum
1149 1918 1238 1979 assa,
1258 1916 1351 1980 quam
1365 1897 1475 1980 patriae

353 2015 356 2022 '
446 2007 530 2069 omni
546 2025 604 2088 ope
619 2013 651 2069 et
664 2004 817 2069 industria
834 2014 865 2070 at
881 2024 986 2071 amora
1000 2006 1160 2069 inservire.

485 2217 561 2291 Quis
586 2224 660 2281 tuna
678 2236 786 2292 sanus,
806 2219 899 2281 etiam
923 2219 949 2281 si
970 2236 1032 2281 non
1057 2219 1203 2281 honestus
1223 2216 1335 2279 virtute
1350 2222 1381 2278 at
1396 2230 1475 2277 uon-

444 2322 571 2385 saiantia
587 2323 636 2402 sit,
653 2342 716 2386 non
730 2322 855 2385 consilio
870 2330 974 2387 tamen
989 2330 1082 2405 atqua
1098 2323 1226 2387 utilitate
1242 2322 1295 2383 flat
1311 2322 1378 2401 (ili

476 2585 589 2655 (num
602 2587 694 2648 maort,
707 2559 874 2640 aaronem
886 2589 918 2642 n.
933 2568 1095 2644 usurarum
1108 2588 1202 2655 ornan
1212 2586 1395 2651 commentata,
1408 2550 1471 2645 um

473 2674 512 2739 (t)
528 2673 660 2739 Quanquam
680 2674 796 2725 utilitatem
814 2689 878 2726 suam
897 2690 910 2726 a
928 2674 1040 2740 voluptate
1058 2688 1124 2739 quam
1143 2674 1238 2726 laudavit
1253 2674 1363 2739 Epicurus
1382 2686 1471 2724 summu

445 2760 520 2811 studia
536 2760 642 2811 diseamit
658 2760 743 2811 ltrllius
760 2761 806 2825 (ie
818 2761 927 2825 Officiis,
941 2760 986 2824 lll,
999 2761 1062 2828 33),
1078 2760 1133 2813 nuli
1150 2766 1225 2813 tantm
1238 2760 1382 2827 limatorum
1393 2758 1471 2813 latiari

443 2846 570 2911 mnndum
581 2845 702 2909 ndahimr,
713 2845 818 2909 utilitate,
831 2860 919 2899 summa
935 2852 1028 2900 sanast
1046 2847 1192 2915 Matina,
1208 2848 1251 2901 sai
1268 2852 1343 2903 tamur
1360 2848 1472 2903 rumara

441 2934 540 2995 tanum,
551 2931 601 2986 hae
612 2931 700 2997 Officia
711 2932 802 2985 muniri
