3500 5317
753 616 914 677 ..24-

315 744 433 807 ratione
446 744 633 825 gignuntur,
651 763 713 825 qua
738 744 814 807 nihil
834 753 881 807 est
902 746 934 809 in
958 748 1082 812 homino
1101 749 1237 815 divinius
1257 755 1311 833 (t).
1332 778 1345 811 a

356 849 438 924 Quid
454 850 563 931 plura‘t
578 850 652 913 lnde
664 851 698 913 fit
709 858 957 933 utquaecumque
976 874 1062 919 mens
1077 858 1208 921 humana
1222 868 1349 943 appetat

314 962 442 1027 natura,
473 955 649 1035 scientiam,
679 955 871 1034 libertatem,
907 958 1117 1041 honestatem,
1148 964 1344 1044 societatem,

314 1062 503 1141 amicitiam,
522 1082 557 1125 ea
585 1064 647 1127 sint
663 1082 785 1127 summo
807 1064 910 1127 studio
927 1067 1110 1146 quaerenda,
1126 1088 1223 1150 quum
1249 1072 1281 1133 io
1300 1072 1348 1135 his

257 1194 276 1241 ·,
313 1183 495 1248 supremum
513 1168 658 1232 humanae
671 1176 790 1232 naturae
806 1169 923 1233 honum
943 1170 1117 1235 definiatur.

574 1382 593 1461 §
614 1382 643 1445 2.
664 1416 703 1427 -
720 1384 762 1445 Dc
777 1389 893 1445 cetura
907 1392 935 1446 et
948 1383 1074 1447 ratione.

351 1593 431 1655 Sunt
443 1599 548 1654 autem
565 1591 672 1671 multi,
691 1592 744 1673 qui
762 1592 980 1673 cupiditatibus
997 1595 1183 1676 caligantcS,
1198 1597 1247 1661 vel
1262 1598 1349 1679 falsis¹

312 1704 522 1759 transversum
539 1699 599 1759 acti
616 1696 775 1778 doctrinis,
794 1699 863 1779 plus
882 1700 1023 1762 minusve
1037 1700 1077 1764 ah
1094 1701 1143 1764 illa
1159 1711 1271 1767 cutura
1289 1704 1344 1767 de-

311 1800 402 1863 licere
414 1809 568 1882 poterunt,
585 1803 706 1883 quinat
722 1803 917 1884 praetendere
935 1806 1049 1869 nullam
1064 1826 1131 1870 esse
1148 1808 1257 1891 legem,
1276 1830 1343 1891 qnae

309 1908 392 1988 ipsos
408 1927 473 1970 suae
494 1917 613 1971 naturae
634 1928 743 1991 parere
764 1910 883 1990 jubeat.
907 1911 994 1975 Unde
1011 1911 1153 1995 apparet,
1170 1923 1201 1977 ot
1223 1923 1342 1979 naturae

310 2012 453 2074 humanae
467 2012 566 2094 leges,
583 2022 614 2076 et
631 2015 694 2077 vim
712 2015 911 2096 rationisque
931 2016 1021 2078 homo
1036 2037 1053 2079 a
1070 2019 1179 2081 ceteris
1198 2020 1342 2083 animan·

308 2119 389 2181 tibus
404 2119 601 2208 discernitur,
612 2129 673 2182 tam
692 2121 821 2184 tirmiter
830 2121 1022 2186 definiendas
1039 2132 1070 2186 et
1083 2124 1341 2191 demonstrandas

309 2244 387 2303 csse,
396 2232 430 2287 ut
442 2245 533 2289 nemo
549 2245 655 2288 aarum
664 2228 875 2290 auctoritatem
892 2228 1095 2309 etimperium
1107 2230 1226 2309 ejurare
1236 2238 1338 2311 queat.

349 2333 382 2392 ln
404 2333 503 2413 primo
528 2333 562 2394 dc
585 2332 708 2414 Lepidus
734 2332 834 2413 lihro,
859 2336 915 2415 qui
944 2333 1054 2396 ceteris
1079 2334 1166 2396 Tullii
1196 2334 1341 2415 operibus

309 2436 403 2497 multo
420 2438 612 2519 praestantior
628 2437 790 2500 habendus
812 2446 875 2512 est,
902 2438 992 2501 altius
1009 2439 1089 2517 juris
1111 2438 1263 2519 principia
1286 2455 1339 2500 re-

307 2543 399 2623 petit,
418 2561 474 2605 neo
485 2544 550 2623 jam
570 2543 770 2617 animalibus,
793 2543 849 2605 sed
864 2544 923 2625 ipsi
945 2545 1006 2605 Deo
1022 2543 1264 2605 assimulandum
1280 2544 1338 2605 ho-

307 2648 422 2710 minem
444 2648 572 2729 judicat.
598 2649 637 2712 Ut
660 2657 802 2711 naturam
823 2648 903 2728 juris
922 2646 1068 2730 explicet,
1100 2666 1167 2711 eam
1190 2657 1339 2711 auctura

305 2755 438 2818 hominis
454 2754 654 2837 repetendam
671 2762 775 2817 censet
790 2756 833 2831 (t)
847 2802 855 2834 ,
871 2762 902 2817 et
917 2754 996 2817 hanc
1010 2755 1177 2817 humanam
1195 2764 1337 2818 naturam

304 2862 400 2925 multo
417 2862 520 2924 verius
536 2870 629 2942 atque
646 2861 767 2942 dignius
783 2880 878 2941 quam
901 2862 933 2921 in
952 2862 1052 2941 primo
1069 2861 1104 2923 dc
1122 2861 1234 2941 Officiis
1258 2861 1336 2924 lihro

303 2966 433 3030 definire
449 2967 636 3049 aggreditur.

343 3074 387 3134 hc
410 3073 544 3153 primum
561 3073 634 3150 hoc,
660 3070 743 3151 quod
761 3073 859 3134 rarius
884 3070 967 3152 apud
984 3070 1178 3151 philosophos
1192 3071 1336 3153 antiquos

303 3196 483 3259 expressum
501 3178 696 3255 invenimus,
715 3176 868 3247 affirmat,
885 3182 916 3238 et
932 3176 1019 3257 quasi
1035 3176 1222 3257 principium
1242 3178 1336 3241 totius

302 3282 501 3364 philosophiae
515 3290 689 3364 praetentat,
701 3280 981 3343 scilicethominem
994 3300 1012 3342 a
1023 3282 1084 3343 Deo
1096 3289 1231 3343 creatum
1247 3300 1330 3344 osse:

306 3412 319 3447 o
337 3389 458 3451 Animal
474 3390 532 3454 hoc
543 3388 726 3470 providum,
742 3406 852 3468 sagax,
866 3385 1037 3468 multiplex,
1051 3394 1189 3464 acutum,
1205 3405 1334 3466 memor,

302 3495 428 3577 plenum
446 3495 571 3556 rationis
588 3502 618 3557 et
633 3494 769 3573 consilii,
789 3512 881 3574 quem
900 3510 1044 3554 vocamus
1061 3491 1232 3563 hominem,
1249 3511 1332 3573 prae·

301 3600 383 3662 clara
410 3598 544 3679 quadam
572 3598 746 3661 conditione
768 3605 947 3678 generatum
968 3614 1034 3658 csse
1060 3615 1077 3673 a
1100 3614 1244 3677 supremo
1260 3598 1331 3659 Deo.

300 3704 406 3768 Solum
423 3711 470 3766 est
482 3704 565 3765 enim
582 3723 620 3765 cx
638 3710 680 3765 tot
702 3702 906 3765 animantium
924 3698 1088 3782 generibus
1104 3707 1198 3780 atque
1215 3701 1334 3763 naturis

300 3809 456 3898 particeps·
473 3811 599 3873 rationis
615 3819 645 3873 et
667 3809 876 3891 cogitationis,
895 3827 992 3889 quum
1019 3794 1121 3870 cetera
1143 3808 1207 3869 sint
1232 3808 1335 3871 omnia

299 3918 435 3996 expertia
456 3916 508 3992 (3).
534 3940 548 3973 o

328 4155 363 4220 (l)
378 4156 414 4207 Dc
425 4155 541 4219 Ftcthua,
553 4156 581 4219 ll,
595 4157 634 4207 ta.

330 4239 365 4304 (2)
381 4239 544 4305 hohemburc,
556 4242 580 4305 l,
593 4243 617 4293 5.

330 4326 365 4392 (3)
381 4326 454 4391 lhtd,
467 4327 492 4388 l,
506 4328 527 4377 l.
