3500 5317
752 607 913 668 ..Η-

316 741 387 803 dam
402 740 571 821 legislatore
584 741 651 801 haec
666 747 776 801 natura
790 729 954 802 informata
968 742 1059 803 luerit
1076 768 1082 801 ε
1101 742 1221 803 tuncin
1240 749 1350 805 natura

315 844 475 907 consilium
490 845 622 906 auctoris
636 845 810 925 perspicere
824 852 946 926 potero,
972 852 1047 907 tunc
1061 846 1092 907 in
1109 854 1219 908 natura
1238 850 1350 928 praevi-

316 950 395 1013 debo
406 966 498 1030 quem
510 948 550 1010 ad
563 949 656 1010 linem
671 948 840 1011 destinatus
853 968 871 1010 a
886 956 1022 1012 creatore
1034 950 1155 1011 luerim.
1166 951 1227 1011 Nisi
1240 959 1350 1013 natura

316 1074 384 1119 mea
400 1062 553 1135 moreest,
568 1074 622 1135 ego
638 1073 720 1117 meus
734 1054 968 1117 contemnendae
985 1061 1105 1117 naturae
1118 1056 1170 1135 jus
1186 1054 1308 1118 obtineo
1320 1064 1351 1118 et

289 1181 291 1187 ’
317 1165 496 1227 exerceosi
505 1172 614 1226 natura
625 1171 821 1225 meaamcutc
830 1150 1131 1244 quadamsuperio're
1142 1164 1348 1241 constituitur,

317 1275 391 1332 tunc
407 1288 480 1331 vera
497 1268 545 1331 lex
562 1276 620 1347 est,
636 1286 770 1347 namque
785 1269 816 1328 in
832 1275 941 1329 natura
959 1268 1047 1329 video
1061 1288 1153 1348 quem
1173 1288 1222 1329 me
1237 1275 1267 1329 et
1283 1287 1350 1331 esse

317 1381 348 1435 et
367 1374 433 1435 fieri
450 1372 524 1435 velit
548 1373 741 1454 omnipotens
763 1372 814 1433 illa
836 1391 933 1452 mens,
954 1372 1026 1434 vitae
1044 1392 1120 1435 mccc
1143 1372 1294 1435 conditrix
1320 1380 1351 1435 et

317 1485 437 1540 naturae
446 1478 632 1540 fabricatrix.
646 1479 723 1539 Num
736 1477 776 1539 ad
784 1481 873 1539 usum
886 1478 1052 1558 quemdam
1062 1479 1245 1540 fabricatum
1257 1480 1349 1541 fuisse

318 1580 401 1643 dicas
416 1581 448 1643 id
462 1582 546 1662 quod
559 1582 661 1644 nullus
675 1581 761 1644 taber
775 1584 901 1644 leceritt
912 1584 946 1643 ln
960 1589 1067 1645 natura
1081 1590 1184 1645 nostra
1198 1583 1223 1645 si
1239 1602 1349 1663 quem·

199 1765 203 1777 ι
244 1764 250 1777 x
318 1685 390 1747 dam
403 1686 474 1747 vitae
487 1703 594 1764 mum,
611 1688 636 1747 si
653 1686 819 1766 quamdam
833 1686 999 1748 officiorum
1015 1686 1112 1766 legem
1128 1688 1346 1767 perspicimus,

318 1790 402 1852 hunc
423 1808 513 1851 usum
538 1797 569 1851 et
591 1791 670 1852 hanc
687 1790 784 1872 legem
801 1810 818 1852 a
835 1792 896 1853 Deo
914 1792 1027 1871 optimo
1054 1792 1185 1853 maximo
1208 1791 1349 1872 imposita

318 1895 411 1956 fuisse
428 1901 557 1975 oportet.
580 1894 761 1975 legislatore
777 1895 925 1973 absente,
952 1914 1022 1975 quae
1044 1895 1092 1957 lex
1119 1896 1245 1958 subest?
1264 1896 1349 1976 Ape-

319 1997 462 2061 riendum
480 2005 526 2059 est
543 1998 618 2078 quid
635 2000 674 2061 sit
691 2000 764 2061 lec:
783 2018 944 2080 quumque
960 2000 1058 2081 legem
1073 2008 1127 2062 aut
1138 2007 1280 2063 naturam
1297 2008 1350 2062 aut

317 2104 411 2165 etiam
428 2104 575 2165 rationem
595 2122 662 2166 esse
679 2105 822 2185 opinetur
833 2104 957 2181 Tullius,
973 2124 1073 2185 neque
1087 2112 1191 2167 tamen
1206 2111 1360 2187 naturam,

316 2215 376 2269 'nec
390 2209 537 2271 rationem
557 2208 733 2270 defiuitione
750 2210 823 2270 satis
840 2209 986 2290 explicet,
1003 2210 1210 2273 conditionem
1227 2217 1350 2273 amovet

319 2332 378 2393 qua
393 2312 455 2375 sola
471 2320 502 2373 et
513 2314 723 2393 vigerepotest
734 2314 794 2392 ulla
805 2313 869 2386 lex,
887 2322 918 2376 ct
932 2334 997 2376 esse
1009 2316 1132 2376 :Deum
1147 2318 1207 2377 Lex
1219 2316 1349 2377 estratio

319 2415 438 2479 sum‘ma
455 2436 526 2497 quae
538 2417 648 2495 jubet:
667 2419 782 2497 optime
804 2417 1025 2480 demonstravit
1051 2421 1202 2481 recentior
1225 2420 1348 2501 quidam
1432 2457 1437 2463 ·

319 2522 514 2603 philosophus
530 2540 624 2583 unam
649 2541 715 2583 esse
738 2523 770 2582 in
789 2523 905 2584 mundo
927 2523 1038 2605 legem,
1057 2524 1171 2585 scilicet
1187 2525 1281 2585 Deum
1298 2524 1350 2603 ju·

318 2627 442 2690 bentem
460 2629 501 2707 (l)
516 2647 522 2706 ;
540 2636 571 2689 et
584 2629 665 2711 hanc
693 2647 799 2690 veram
823 2629 920 2709 legem
936 2629 1056 2710 abipso
1075 2628 1170 2690 Tullio
1191 2629 1349 2691 definitam

318 2734 502 2806 invenimus
527 2752 623 2815 quum
644 2733 779 2795 declarat
800 2758 813 2791 o
834 2734 916 2795 hanc
939 2735 1233 2815 sapientissimorum
1259 2734 1350 2797 fuisse

319 2840 515 2917 sententiam,
528 2841 698 2920 principem
713 2840 811 2920 legem
824 2839 907 2901 illam
924 2848 954 2901 et
968 2840 1119 2918 ultimam,
1133 2847 1268 2901 mentem
1283 2858 1349 2902 esse

320 2944 422 3005 omnia
438 2946 556 3006 ratione
570 2955 624 3006 aut
638 2935 773 3026 cogentis
791 2953 844 3005 aut
861 2946 992 3007 vetantis
1009 2946 1062 3007 Dei
1078 2948 1130 3020 (ἓ).
1147 2970 1159 2999 o
1178 2944 1238 3006 Sed
1253 2949 1349 3026 quum

319 3047 387 3107 haeo
410 3050 669 3111 tam'uecessaria
697 3049 908 3110 demonstrare
934 3068 995 3110 non
1023 3050 1148 3129 valeret,
1172 3050 1350 3131 negligenda

319 3153 421 3233 potius
435 3155 467 3215 in
481 3154 649 3216 ciliciorum
667 3155 858 3215 institutione
871 3154 1032 3235 judicavit.
1045 3158 1143 3217 Verus
1157 3164 1260 3218 autem
1272 3158 1351 3219 Deus

319 3267 365 3321 est
390 3278 478 3341 mens
498 3279 631 3339 summa,
654 3278 725 3341 quae
751 3268 782 3322 et
807 3268 902 3340 creat,
919 3268 949 3321 et
963 3271 1065 3324 creata
1090 3270 1192 3324 servat
1208 3271 1239 3323 et
1255 3270 1349 3341 amat,

318 3366 349 3429 et
361 3386 432 3448 quae
445 3369 502 3430 sibi
519 3369 659 3450 placeant
669 3369 758 3449 jubet
772 3368 930 3431 voluntate
945 3372 1079 3451 perfecta
1092 3398 1099 3431 ι
1114 3389 1184 3451 qum
1200 3369 1349 3447 voluntas,

321 3471 370 3533 lex
391 3480 446 3534 est.

359 3578 425 3638 Nou
455 3576 543 3639 aliter
574 3577 612 3641 de
641 3579 772 3642 utilitate
798 3599 815 3641 a
844 3579 941 3641 Tullio
967 3580 1121 3661 proposita
1148 3580 1352 3658 Judicaudum

319 3689 375 3745 est.
403 3684 479 3757 Quae
504 3691 603 3764 potest
629 3703 695 3746 esse
718 3686 940 3765 quuscumque
971 3685 1013 3746 rei
1042 3684 1090 3746 vel
1118 3684 1260 3747 animalis
1288 3685 1351 3746 uti-

322 3788 409 3869 litas,
442 3791 502 3851 nisi
531 3797 565 3852 ut
589 3810 681 3870 eum,
708 3791 747 3853 ad
773 3810 866 3873 quem
900 3791 1087 3853 destinatum
1118 3792 1226 3871 luerit,
1257 3790 1349 3853 finem

316 3896 462 3978 attingat?
486 3898 523 3957 Et
550 3904 622 3958 tunc
643 3915 766 3960 omnem
782 3897 883 3976 illam,
903 3896 940 3959 de
968 3916 1028 3977 qua
1044 3895 1162 3960 tamdiu
1179 3896 1351 3980 philosophi
1408 3977 1410 3983 Α

351 4153 385 4218 (1)
401 4154 443 4203 Th.
457 4154 566 4220 louffroy,
581 4153 659 4207 doure
669 4154 699 4204 dc
711 4154 776 4205 droll
788 4154 903 4215 natural,
916 4153 982 4213 lacon
993 4153 1021 4204 31
1036 4172 1041 4203 z
1058 4172 1067 4201 r
1082 4154 1101 4203 ll
1112 4154 1148 4219 n'y
1161 4167 1174 4205 a
1186 4154 1267 4219 qu’une
1279 4152 1308 4205 loi
1322 4167 1352 4204 au

320 4241 419 4304 monde,
433 4241 470 4305 qui
482 4249 517 4291 cst
527 4241 549 4291 la
560 4240 590 4292 loi
602 4241 629 4292 dc
641 4240 706 4292 Dico.
720 4259 731 4286 r

350 4327 385 4393 (2)
401 4328 563 4393 volcoldus,
577 4329 611 4393 ll,
624 4330 647 4379 t.
662 4328 712 4381 tiu.
725 4342 787 4394 sup,
799 4341 822 4393 p.
836 4327 865 4377 tl
880 4331 902 4376 ct
912 4340 959 4391 seq.
