3500 5317
899 669 936 681 ..
959 636 997 699 38
1018 670 1057 683 .-

457 766 506 829 sui
521 771 662 828 naturam
688 765 785 847 ipsius
815 765 985 845 cognoscit,
1011 764 1066 827 sed
1095 766 1186 827 etiam
1202 782 1263 845 qua
1287 764 1485 847 congruentia

458 878 489 933 ct
518 872 605 952 quasi
640 871 829 933 connexione
857 888 927 931 cum
955 871 1065 933 ceteris
1093 878 1124 931 et
1155 870 1256 951 rebus,
1281 879 1313 933 et
1342 872 1486 935 animan·
1541 940 1543 947 ,

458 974 540 1037 tibus
562 975 629 1056 ipse
659 974 869 1056 conjungatur.
901 975 966 1038 Non
994 975 1055 1055 jem
1082 973 1172 1036 hodie
1197 973 1389 1055 praetendere
1416 973 1488 1039 licet

456 1079 496 1141 ab
518 1080 641 1141 homine
663 1080 796 1161 ignorari
822 1097 1027 1159 quaecumque
1045 1078 1102 1158 ipsi
1123 1086 1250 1141 externa
1267 1085 1338 1140 sunt
1352 1104 1359 1139 ι
1374 1097 1435 1140 non
1452 1097 1487 1144 so

456 1191 575 1245 tantum
595 1185 726 1246 existere
750 1184 933 1245 conscientia
960 1184 1046 1245 novit
1058 1228 1067 1262 ,
1091 1183 1146 1245 sed
1170 1183 1279 1262 ctiam,
1296 1202 1392 1265 quum
1410 1202 1485 1247 sen·

457 1288 542 1352 sibus
574 1297 627 1351 aut
658 1290 775 1352 ratione
798 1297 922 1367 utatur,
946 1308 1104 1370 quumque
1130 1296 1231 1351 cetera
1257 1308 1327 1351 cum
1349 1308 1381 1351 se
1398 1290 1485 1370 ipso,

458 1394 590 1457 naturali
615 1392 747 1475 quodam
774 1395 886 1456 mentis
908 1393 1061 1476 impulsu,
1089 1401 1261 1475 comparet,
1282 1412 1342 1454 non
1371 1401 1486 1460 terrem

457 1502 547 1564 modo
568 1509 599 1565 ct
619 1501 721 1564 sidera
738 1509 769 1564 et
796 1500 941 1564 animalia
969 1502 1137 1582 cognoscit,
1160 1501 1215 1564 sed
1243 1501 1318 1563 elios
1346 1502 1487 1567 hominos

455 1606 515 1668 sibi
538 1626 631 1669 sensu
648 1614 679 1669 et
698 1608 813 1669 ratione
837 1607 951 1669 similes
968 1625 1034 1669 esse
1058 1605 1162 1684 videt,
1180 1614 1272 1688 atque
1293 1608 1384 1669 etiam
1401 1605 1486 1675 aliud

455 1714 558 1776 nescio
574 1713 650 1795 quid
667 1714 765 1794 majus
782 1714 999 1795 potentiusque
1016 1712 1075 1775 sibi
1094 1720 1125 1775 et
1146 1713 1253 1775 edesse
1274 1721 1304 1775 et
1324 1731 1488 1794 superesse

456 1819 633 1899 praesentit,
652 1826 745 1899 atquc
759 1826 794 1880 ut
807 1820 849 1879 ita
865 1818 967 1880 dicam
985 1817 1141 1880 odoratur.
1166 1819 1274 1881 Omnis
1298 1837 1417 1883 morum
1433 1838 1487 1885 re·

457 1919 575 2001 gulaex
593 1920 649 1982 hoc
665 1939 727 1982 uno
743 1920 866 2003 pendet,
886 1920 1001 1983 scilicet
1023 1928 1057 1983 ut
1079 1922 1198 1985 nativas
1228 1922 1293 1985 illas
1318 1929 1348 1983 et
1373 1921 1488 1987 obscu-

457 2042 507 2086 ras
534 2024 673 2086 notiones
701 2025 793 2105 hujus
827 2026 1050 2105 conjunctionis
1071 2033 1102 2087 ct
1131 2027 1301 2105 societatis,
1329 2044 1422 2106 quem
1438 2027 1488 2089 in-

456 2133 504 2188 tcr
523 2144 579 2189 nos
595 2125 729 2208 aliosque
745 2125 903 2207 homines,
932 2126 1065 2191 aliumve
1084 2146 1311 2209 quemcumque
1331 2136 1433 2191 mente
1457 2135 1489 2191 et

458 2231 596 2295 libertato
617 2232 800 2314 praeditum,
823 2241 855 2295 et
877 2234 967 2296 nobis
992 2236 1212 2315 potentiorem,
1233 2252 1326 2315 quem
1347 2233 1488 2297 rationaii

457 2337 591 2417 quodem
618 2338 766 2399 instinctu
792 2340 994 2419 praesagimus
1016 2346 1181 2419 antequam
1204 2357 1275 2401 eum
1300 2344 1417 2401 matura
1434 2356 1488 2399 ra·

456 2444 538 2506 tione
554 2446 780 2527 cognoscimus,
801 2445 884 2524 ilias,
902 2446 1047 2526 inquam,
1065 2446 1156 2526 hujus
1176 2445 1327 2509 societatis
1346 2444 1487 2507 notiones

455 2548 588 2611 incertas
603 2558 634 2611 et
650 2549 833 2631 caligantes,
852 2569 909 2632 pro
930 2552 1022 2613 certis
1043 2550 1238 2630 definitisque
1258 2548 1433 2615 notionibus
1456 2550 1487 2610 vi

455 2659 487 2712 et
505 2650 573 2714 luce
587 2653 713 2714 rationis
728 2660 892 2715 mutemus.
913 2652 1067 2726 Quamdiu
1093 2652 1187 2714 ocutis
1202 2659 1320 2717 tentum
1338 2649 1486 2713 dubitan-

455 2754 537 2817 tibus
553 2761 584 2817 et
600 2757 689 2836 quasi
707 2756 883 2818 natantibus
906 2756 1079 2819 videbimus
1098 2776 1169 2839 qum
1191 2776 1246 2819 uos
1262 2754 1404 2834 vincula,
1423 2773 1486 2817 non

456 2860 546 2922 modo
562 2880 633 2923 cum
650 2862 760 2923 ceteris
775 2861 970 2941 hominibus,
987 2862 1150 2925 sedetiam
1166 2863 1305 2927 comisto
1319 2859 1487 2943 qualicum-

455 2982 516 3045 que
537 2966 615 3044 Deo,
635 2984 674 3027 cx
690 2984 749 3046 quo
767 2984 822 3029 nos
838 2966 1011 3047 pendentes
1027 2968 1257 3051 praesentimus,
1281 2968 1484 3047 conjungent,

456 3087 556 3132 mores
570 3069 691 3132 obscuri
707 3071 912 3134 remanebunt
928 3080 958 3134 et
975 3080 1126 3137 natantes.
1142 3073 1302 3155 Dubiaque
1321 3080 1351 3135 et
1367 3072 1486 3133 incerta

454 3172 512 3234 crit
525 3172 686 3255 disciplina
711 3193 837 3255 eorum,
854 3178 907 3256 qui
930 3178 1037 3239 timore
1055 3178 1102 3240 vel
1118 3179 1295 3241 infirmitate
1311 3196 1373 3238 non
1390 3174 1484 3239 aude-

455 3278 533 3343 bunt
553 3289 606 3341 aut
631 3298 692 3341 nou
717 3288 860 3361 poterunt
889 3284 962 3345 satis
988 3283 1116 3346 definire
1140 3283 1222 3366 quod
1244 3285 1284 3347 sit
1305 3290 1381 3343 τοῦτο
1403 3283 1434 3343 τὸ
1455 3282 1484 3345 ὂν

456 3387 536 3456 ὄντως
557 3385 603 3465 ὃν,
634 3405 671 3447 ex
695 3404 756 3468 quo
779 3396 917 3449 nostrum
945 3386 973 3448 ιν
994 3389 1119 3451 omnino
1144 3388 1279 3469 separari
1307 3405 1369 3449 nou
1393 3386 1481 3465 licet,

455 3494 513 3556 nisi
533 3501 675 3557 naturam
691 3503 826 3557 nostram
843 3514 1003 3559 exuamus.

496 3600 594 3680 Longa
618 3599 816 3682 philosophiae
840 3600 964 3663 historia
986 3600 1144 3674 docemur,
1166 3599 1280 3663 nullam
1297 3617 1426 3681 usquam
1444 3597 1482 3660 de

455 3702 502 3765 his
516 3722 588 3784 qum
600 3703 731 3766 dicimus
747 3703 847 3765 lucem
863 3712 978 3767 certam
992 3713 1023 3767 et
1038 3705 1290 3787 philosophicam,
1304 3704 1363 3765 nisi
1379 3704 1412 3764 in
1429 3722 1483 3764 no-

454 3810 662 3893 bismetipsis,
688 3812 821 3874 inveniri
843 3830 942 3894 posse.
972 3813 1037 3874 Non
1062 3819 1108 3875 est
1124 3812 1174 3877 hic
1196 3811 1279 3875 locus
1301 3807 1483 3875 ostendendi

454 3915 606 3996 quomodo
634 3917 795 3979 existentia
812 3917 902 3997 hujus
926 3916 997 3984 ὄντος
1021 3917 1102 3986 ὄντως
1125 3918 1197 3986 ὄντος
1220 3918 1252 3978 in
1275 3916 1395 3978 conscio
1418 3933 1483 3977 suae

454 4023 626 4085 existentiae
645 4024 747 4085 animo
763 4024 962 4105 reperiaturz
984 4030 1120 4087 attamen
1136 4024 1193 4087 hoc
1215 4040 1312 4085 unum
1339 4038 1482 4085 revocare

453 4124 544 4197 licet,
567 4125 681 4188 scilicet
702 4144 758 4188 nos
780 4126 941 4208 homines,
967 4144 1063 4209 quum
1080 4136 1111 4190 et
1133 4129 1245 4191 mentis
1266 4135 1297 4190 et
1319 4125 1481 4188 voluntatis

453 4229 624 4304 actionem,
642 4238 674 4292 ct
685 4230 795 4313 agendi
811 4233 984 4312 rationem,
1002 4240 1033 4294 et
1049 4250 1140 4314 opere
1157 4240 1261 4297 nostra
1277 4234 1310 4295 in
1327 4231 1479 4295 nobisme-

455 4334 541 4427 tipsis
552 4343 583 4406 ct
595 4336 627 4399 in
642 4336 910 4406 circumstantibus
923 4339 1122 4427 inspiciamus
1134 4347 1226 4427 atque
1239 4337 1477 4417 consideremus,

1619 2028 1621 2095 i
