3500 5317
1732 597 2054 660 -30-

825 730 1164 815 ‚celeritate
1197 736 1433 809 motuS,
1480 728 1772 809 omnique
1796 726 2252 811 pulchritudine
2288 729 2563 807 virtutis,
2603 731 2728 791 vim
2756 729 2914 808 divi-

858 856 1002 900 nam
1053 837 1277 899 mentis
1306 835 1615 917 agnoscito
1649 837 1731 912 (t)
1752 836 1782 895 ‘t
1823 858 1849 891 n
1883 833 2004 897 Sed
2029 834 2180 913 quid
2217 834 2369 914 haec,
2396 854 2537 916 quae
2566 838 2912 918 proximum

860 952 1045 1025 caput
1075 942 1367 1024 implent,
1403 960 1694 1006 revocare
1727 961 1883 1024 opus
1913 944 2046 1004 est?

942 1052 1139 1125 Quam
1176 1050 1363 1113 multa
1398 1057 1459 1112 et
1490 1049 1784 1131 praeclara
1813 1051 2021 1112 Cicero
2055 1048 2134 1111 de
2168 1057 2343 1130 parte
2375 1049 2473 1111 illa
2504 1049 2750 1112 sublimi
2779 1049 2916 1131 phi-

857 1155 1147 1237 Iosophiae
1178 1154 1459 1235 scripsit!
1512 1155 1761 1228 Quoties
1809 1153 1887 1216 de
1920 1155 2080 1231 Deo,
2120 1154 2198 1216 de
2231 1173 2341 1235 spe
2377 1156 2518 1216 vitae
2549 1156 2804 1231 futurae,
2837 1154 2915 1215 de

861 1262 1089 1326 divinis
1116 1262 1316 1343 poenis
1341 1268 1448 1323 aut
1473 1259 1711 1342 gaudiis
1733 1261 1974 1323 locutus
2003 1261 2130 1323 est!
2171 1262 2242 1321 Et
2267 1261 2373 1341 qui
2404 1268 2491 1323 tot
2513 1261 2810 1341 Epistolas
2835 1260 2912 1323 de

863 1368 959 1430 his
998 1366 1442 1447 quaestionibus
1469 1366 1635 1427 misit
1667 1366 1910 1442 amiciS,
1958 1366 2066 1445 qui
2107 1364 2297 1427 libros
2323 1365 2392 1427 de
2437 1365 2792 1446 Republica,
2847 1364 2916 1426 de

864 1471 1139 1552 Legibus,
1165 1471 1235 1532 de
1255 1470 1501 1532 Finibus
1533 1470 1822 1531 bonorum
1854 1477 1910 1531 et
1936 1469 2256 1548 malorum,
2285 1469 2355 1530 de
2379 1470 2625 1532 Natura
2651 1468 2911 1547 deorum,

866 1577 935 1639 de
951 1578 1275 1648 Senectute,
1298 1576 1368 1638 de
1388 1576 1790 1654 Divinatione,
1809 1575 1879 1636 de
1894 1573 2172 1636 Amicitia
2183 1593 2207 1647 ;
2228 1575 2333 1653 qui
2361 1574 2722 1636 Tusculanas
2739 1592 2918 1654 quoes·
2959 1648 2968 1655 ,

867 1682 1048 1745 tiones
1080 1689 1143 1743 et
1172 1680 1324 1742 illud
1352 1680 1824 1743 celeberrimum
1860 1678 2170 1741 Somnium
2204 1679 2496 1759 Scipionis
2527 1678 2910 1758 conscripsit,

864 1786 1028 1849 idem
1073 1785 1143 1847 de
1186 1785 1413 1865 Officiis
1442 1785 1717 1847 scribens
1750 1804 1830 1847 ne
1856 1802 2082 1845 nomen
2130 1783 2384 1864 quidem
2431 1785 2573 1864 Dei,
2618 1803 2699 1846 ne
2744 1802 2919 1865 spem

867 1890 1119 1971 quidem
1154 1888 1339 1953 ullam
1367 1890 1512 1953 vitae
1543 1889 1903 1952 immortalis
1933 1889 2202 1951 indicat!

949 1998 1335 2077 Quamquam
1363 1997 1593 2077 saepius
1625 2014 1691 2058 se
1724 1994 1804 2057 ad
1837 1995 2000 2057 illam
2031 1994 2442 2057 Carneadeam
2467 1993 2662 2076 ἐποχὴν
2695 1996 2920 2056 reterre

871 2095 1150 2158 videatur
1190 2097 1273 2173 (2)
1293 2144 1308 2168 ‚
1367 2115 1553 2176 quam
1597 2096 1874 2177 plerique
1923 2095 2005 2157 illi
2057 2095 2546 2175 exprobrarunt,
2602 2095 2918 2157 fatendum

869 2207 961 2263 est
1006 2208 1209 2262 tamen
1234 2250 1249 2276 ,
1300 2199 1537 2262 nullum
1588 2219 1858 2280 unquam
1912 2218 2132 2261 sanum
2187 2200 2496 2261 hominem
2552 2207 2676 2260 tam
2748 2198 2923 2280 longe

869 2304 1153 2383 lauteque
1185 2302 1666 2384 disceptaturum
1703 2304 1887 2364 fuisso
1915 2302 1993 2365 de
2027 2304 2119 2364 his
2146 2322 2288 2383 quae
2322 2322 2442 2364 non
2481 2302 2760 2365 crederet
2814 2311 2922 2365 aut

872 2408 1121 2470 credere
1142 2414 1425 2488 cuperet,
1456 2425 1658 2487 neque
1684 2406 1855 2468 illum
1879 2405 1997 2468 ullo
2024 2415 2197 2486 pacto
2221 2407 2387 2487 rejici
2412 2425 2588 2488 posse
2607 2426 2642 2468 e
2671 2425 2926 2469 numero

870 2512 1377 2575 Academicorum
1412 2514 1601 2575 Deum
1638 2512 2100 2575 defendentium
2133 2519 2194 2573 et
2225 2514 2572 2574 animorum
2609 2514 2924 2575 immorta-

873 2617 1125 2679 litatem.

957 2803 1111 2884 Ergo
1152 2822 1379 2866 novum
1414 2801 1648 2886 aliquid
1680 2811 1740 2867 et
1770 2804 2137 2867 intentatum
2173 2824 2327 2887 opus
2361 2804 2424 2865 in
2458 2804 2552 2867 his
2594 2804 2936 2885 Officiorum

880 2904 1050 2967 libris
1074 2906 1344 2987 suscepit
1366 2907 1595 2969 Tullius
1613 2953 1629 2985 ‚
1658 2916 1717 2968 et
1739 2908 1917 2969 annis
1942 2915 2004 2970 et
2025 2908 2402 2988 experientia
2435 2913 2732 2969 maturus.
2759 2908 2931 2984 Leqes

880 3028 1030 3089 quas
1057 3009 1236 3090 paulo
1268 3018 1408 3072 ante
1455 3012 1826 3093 scripserat,
1880 3013 2235 3093 magistrum
2291 3010 2600 3073 Platonem
2648 3017 2932 3082 secutuS‚

882 3134 1099 3196 parum
1144 3115 1221 3177 ad
1268 3116 1679 3179 restituendos
1730 3135 1931 3178 mores
1974 3114 2560 3196 instaurandamque
2596 3114 2941 3195 rempubli-

884 3237 1017 3279 cam
1075 3218 1362 3282 valebant
1401 3246 1415 3281 ε
1464 3221 1727 3299 ingeniis
1788 3220 2199 3301 quorumdam
2258 3219 2633 3281 cruditorum
2689 3217 2942 3299 quidem

882 3323 1157 3405 placere,
1193 3324 1307 3386 sed
1340 3344 1531 3406 prope
1573 3324 1723 3386 nihil
1772 3325 1920 3387 utile
1963 3325 2042 3387 ad
2086 3324 2591 3406 consuetudinem
2633 3324 2776 3385 vitae
2808 3324 2942 3405 pri-

885 3436 1044 3491 vatae
1077 3436 1137 3491 et
1171 3428 1435 3510 publicae
1467 3428 1747 3509 praebere
1783 3437 2082 3510 poterant.
2119 3430 2561 3491 Tractationem
2598 3428 2943 3491 exsecutio-

886 3554 1150 3615 nemque
1182 3536 1517 3597 officiorum
1565 3536 1786 3598 docere
1817 3535 2058 3616 plebem
2096 3543 2501 3616 senatumque
2523 3582 2539 3608 ‚
2577 3554 2789 3597 omnes
2821 3554 2943 3597 una

884 3640 1189 3720 QuiriteS‚
1227 3647 1479 3703 conatus
1512 3648 1628 3717 est,
1670 3648 1857 3721 atque
1905 3641 1966 3701 in
2020 3640 2171 3703 illud
2200 3660 2352 3722 opus
2388 3640 2681 3704 inductus‘
2711 3648 2804 3702 est
2834 3658 2948 3720 spe

954 3880 1021 3945 sl)
1058 3878 1196 3933 Tnsc.
1226 3880 1432 3945 Quaest.‚
1458 3880 1507 3943 1,
1533 3879 1611 3931 29.

950 3962 1019 4027 ffi)
1056 3981 1076 4009 α
1100 3964 1263 4015 Geram
1288 3963 1365 4015 tibi
1390 3977 1560 4015 morem
1575 4000 1589 4026 ,
1626 3966 1671 4014 et
1694 3977 1748 4014 ea
1781 3976 1880 4028 quae
1905 3963 1972 4015 vis
1997 3969 2046 4016 ut
2065 3968 2220 4031 potero
2245 3964 2470 4031 explicabo
2487 4003 2502 4030 ‚
2525 3978 2610 4018 nec
2634 3969 2790 4017 tamen
2819 3949 2949 4028 quas¹

894 4049 1074 4113 l'ythius
1098 4049 1285 4115 Apoll0,
1325 4056 1445 4101 certa
1478 4056 1527 4101 ut
1563 4052 1652 4102 sint
1683 4056 1727 4102 et
1761 4052 1849 4103 fixa
1888 4066 1989 4117 quae
2027 4053 2208 4117 dixero,
2245 4054 2325 4105 sed
2360 4059 2409 4106 ut
2445 4054 2742 4107 homunculus
2776 4065 2900 4104 uuus
2923 4066 2949 4103 e

894 4136 1042 4186 [uultis
1059 4172 1075 4199 ,
1112 4136 1354 4201 probabilia
1392 4138 1646 4201 conjectura
1681 4152 1890 4202 sequens.
1933 4138 2062 4190 Ultra
2087 4140 2206 4191 enim
2230 4154 2318 4204 quo
2342 4141 2602 4207 progrediar
2624 4154 2760 4204 quam
2784 4145 2832 4191 ut
2856 4139 2949 4189 veri

894 4225 1064 4274 rideam
1095 4223 1280 4287 similia,
1319 4238 1412 4275 uon
1434 4224 1593 4275 habeo.
1631 4224 1764 4277 Certa
1787 4225 1935 4278 dicent
1954 4226 1984 4277 ii
2009 4227 2086 4291 qui
2110 4231 2154 4279 et
2177 4227 2342 4294 percipi
2363 4242 2418 4279 ca
2440 4239 2575 4293 posse
2597 4229 2750 4279 dicunt
2766 4264 2781 4290 ,
2820 4232 2864 4278 ct
2901 4241 2950 4278 se

898 4310 1134 4377 sapienteis
1157 4326 1259 4364 esse
1283 4312 1560 4379 profitentur.
1593 4330 1613 4360 ιι
1648 4313 1791 4367 Tusc.
1815 4313 2020 4379 Queat„
2047 4315 2094 4379 l,
2121 4315 2168 4366 9.
