3500 5317
732 622 894 689 ..13-

293 780 368 826 sane
384 761 533 840 lubricus,
544 779 606 842 quo
623 760 675 823 vi'x
689 759 848 822 invenitur
862 758 917 839 qui
927 752 1084 821 laboribus
1099 756 1248 839 susceptis
1264 756 1323 839 p'e·

293 868 459 949 nautisque
490 865 601 945 aditis,
634 884 695 927 non
717 864 805 945 quasi
827 862 1002 927 mercedem
1031 882 1135 927 rerum
1168 873 1323 945 gestarum

294 973 450 1037 desideret
479 972 606 1054 gloriam
624 972 701 1049 tl)...
718 969 831 1033 Gloriae
846 968 998 1051 cupiditas
1021 969 1113 1052 eripit
1136 970 1320 1047 libertatem,

296 1096 353 1159 pro
369 1095 430 1159 qua
448 1076 651 1160 magnanimis
667 1075 743 1139 viris
759 1074 859 1136 omnis
875 1072 968 1135 debet
984 1090 1051 1137 assa
1068 1075 1221 1138 eontentio
1237 1074 1319 1153 (ila

334 1286 512 1349 Firmiorem
526 1284 694 1367 quamdam
706 1291 736 1347 et
748 1285 843 1366 magis
855 1284 1019 1367 optabilem
1032 1285 1233 1365 sanctionem,
1248 1293 1324 1349 tam-

294 1393 421 1474 poribns
436 1393 501 1456 suis
518 1399 549 1455 et
564 1392 686 1474 ingenio
711 1409 838 1453 romano
866 1391 1028 1472 aptiorem,
1048 1410 1189 1473 quaerere
1216 1392 1324 1457 debuit

292 1493 425 1574 Tullius,
455 1512 550 1575 quam
580 1513 616 1556 eo
645 1492 762 1556 facilius
788 1493 949 1575 usurpavit
974 1494 1056 1575 qnod
1080 1494 1146 1577 ipsa
1175 1495 1322 1561 doctrinm

294 1600 399 1663 stoicae
412 1599 560 1681 librisque
576 1600 701 1662 Panaetii
718 1600 829 1662 inerat.
936 1642 938 1647 -

333 1704 494 1768 Attontum
521 1722 644 1785 semper
671 1704 704 1765 in
730 1722 780 1782 re,
803 1710 1013 1784 quaestuosnm
1029 1710 1060 1767 et
1075 1724 1203 1769 avarum
1229 1708 1322 1771 inisse

293 1812 464 1875 Romanum
492 1816 620 1873 constat.
646 1810 784 1890 Itemque
811 1827 911 1887 snam,
934 1826 1063 1891 remque
1085 1811 1250 1893 publicam,
1272 1831 1322 1875 res

294 1918 385 1979 etiam
402 1916 524 1981 divinas
536 1915 578 1979 ad
592 1914 752 1977 commoda
766 1932 821 1978 sua
836 1921 866 1977 et
880 1914 1085 1979 emolumenta
1102 1936 1225 2000 semper
1241 1924 1321 1981 trao-

294 2028 399 2083 tarunt
414 2020 546 2094 Quirites
563 2045 570 2081 ε
588 2038 658 2081 cum
674 2020 740 2103 ipso
756 2019 996 2081 lacerationem
1014 2021 1220 2083 conferebant.
1238 2023 1323 2085 Hanc

294 2144 366 2206 ergo
375 2124 474 2187 avidis
488 2124 633 2187 Romanis
644 2142 739 2187 unam
753 2124 941 2187 sanctionem
958 2126 1104 2206 propositi
1118 2126 1207 2189 cilicii
1219 2133 1322 2191 osten·

294 2228 350 2306 dit,
368 2228 543 2293 utilitatem.
571 2230 635 2290 lloo
654 2246 717 2290 uno
741 2234 900 2309 separatur
915 2228 1030 2291 Tullius
1055 2249 1073 2292 a
1101 2232 1322 2295 recentioribus

293 2328 502 2393 laudatoribus
519 2348 640 2393 morum
657 2332 724 2393 sina
734 2332 808 2409 ileo,
820 2330 887 2393 sine
904 2349 958 2412 spe
973 2332 1045 2395 vitae
1056 2334 1166 2396 futurae
1179 2334 1321 2398 colando·

295 2454 375 2498 rum.
394 2437 514 2501 Utilitas
530 2438 651 2502 allicere
666 2437 774 2501 debuit
790 2440 960 2501 Romanurn
972 2464 979 2501 ε
989 2440 1048 2502 nisi
1066 2442 1181 2514 virtuti,
1200 2439 1321 2504 utilitati

295 2541 402 2604 saltem
421 2560 486 2606 suae
501 2551 634 2627 pareret,
653 2552 684 2607 et
700 2543 841 2626 utilitatis
865 2546 962 2627 gratia
988 2546 1133 2608 virtutem
1153 2533 1320 2628 amplecte·

294 2654 388 2710 retur.
409 2648 456 2711 Ad
473 2650 552 2712 bano
569 2650 732 2713 utilitatem
754 2651 876 2713 virtutis
900 2650 1189 2729 demonstrandam,
1207 2650 1268 2713 duo
1284 2670 1321 2713 ex

293 2751 393 2814 tribus
419 2751 507 2815 libris
533 2763 771 2835 consecrantur3
788 2762 820 2818 et
835 2763 999 2839 postquam
1023 2756 1055 2816 in
1082 2756 1182 2838 primo
1207 2757 1321 2819 iontem

292 2856 422 2931 bonesti,
439 2868 634 2942 quatuorque
665 2862 836 2943 praecipuas
857 2862 951 2924 totins
966 2862 1132 2925 honestatis
1149 2870 1251 2944 partos
1268 2882 1319 2926 os·

290 2962 399 3037 tandit,
419 2965 452 3025 in
467 2966 603 3030 secundo
619 2965 659 3029 de
675 2974 785 3030 natura
801 2973 832 3029 et
848 2967 966 3048 origine
982 2975 1014 3030 et
1029 2969 1187 3050 paratione
1204 2968 1318 3033 utilita-

293 3067 332 3131 tis
349 3067 484 3131 disserit.

333 3279 485 3363 Principio
501 3289 593 3363 negat
608 3283 772 3346 honestum
786 3300 853 3346 esse
866 3282 992 3365 aliquid,
1009 3284 1091 3366 qnod
1104 3285 1179 3349 utile
1192 3304 1254 3349 non
1269 3284 1319 3366 sit,

293 3382 415 3447 et'ntila
431 3385 514 3464 quod
530 3406 591 3448 non
607 3387 787 3466 honestum3
803 3395 897 3470 atqua
913 3389 995 3453 huno
1011 3389 1218 3471 syllogismum
1236 3391 1323 3453 oliert

292 3490 381 3569 quasi
397 3489 688 3559 demonstrationem
711 3494 877 3576 propositae
903 3495 984 3558 inter
1008 3496 1170 3558 honestum
1194 3504 1225 3558 et
1247 3495 1321 3559 utile

291 3597 521 3660 communitatis
539 3625 547 3659 ι
565 3597 719 3679 quidquid
741 3598 865 3680 justum
891 3601 940 3675 ait,
966 3598 999 3661 id
1022 3600 1113 3662 etiam
1140 3600 1212 3662 utile
1235 3618 1317 3679 esse;

290 3698 438 3781 itemque,
457 3702 540 3783 quod
564 3703 730 3783 baccatum,
754 3703 838 3767 idern
858 3703 999 3785 justum
1017 3724 1053 3767 ex
1072 3724 1144 3787 quo,
1169 3704 1321 3786 quidquid

295 3803 450 3870 honestum
465 3808 516 3881 sit,
534 3808 618 3871 idem
634 3810 707 3872 utile
726 3812 779 3889 (3).

330 3913 477 3976 Eamdem
494 3915 645 3978 rationem
661 3934 860 3999 persequens,
880 3916 1012 3979 ostendit
1038 3936 1242 3999 quaecumque
1262 3918 1319 3981 ho·

321 4168 356 4233 (r)
371 4167 616 4236 sacrosanta.
684 4222 688 4229 .

320 4253 356 4319 (a)
371 4255 532 4323 nro.‚r,ao.
660 4252 666 4259 “

322 4340 356 4407 (a)
372 4342 448 4407 rou,
461 4345 496 4409 n,
508 4346 531 4396 a.
