3500 5317
844 642 886 673 .1.
907 612 1006 688 11..

677 866 761 947 §lli
787 898 827 912 -
853 867 896 927 Dc·
920 863 1155 927 immortalitate.

448 1070 642 1159 Quamquam
659 1094 697 1137 ex
715 1075 763 1137 his
780 1085 851 1156 queo
867 1074 906 1135 de
924 1081 1034 1136 nutura
1052 1081 1083 1136 et
1100 1075 1218 1137 ratione
1234 1080 1265 1137 et
1285 1074 1351 1156 lege
1368 1074 1441 1137 dicit

408 1184 532 1263 Tullius,
558 1183 632 1245 33113
655 1189 784 1263 apparet
807 1179 846 1243 ab
874 1178 925 1241 illo
947 1180 1085 1241 animum
1105 1189 1136 1243 et
1158 1180 1316 1261 divinum,
1346 1187 1376 1243 et
1401 1180 1441 1243 ud

410 1290 546 1353 divinam
566 1289 659 1350 vitum
688 1296 794 1350 natum
814 1284 940 1365 haberi,
959 1286 1142 1367 quibusdam
1165 1295 1267 1350 tamen
1288 1288 1354 1351 31113
1376 1288 1441 1370 ejus

408 1394 531 1476 scriptis
552 1391 813 1454 immortalitatem
827 1409 888 1454 non
900 1398 1054 1472 speratam
1070 1390 1171 1467 modo,
1191 1388 1246 1454 sed
1260 1392 1440 1473 promissam

410 1506 441 1562 et
456 1515 599 1581 sponsum
618 1498 803 1560 invenimus.

450 1605 485 1665 ln
500 1604 591 1664 tertio
607 1602 642 1664 ric
660 1602 821 1683 Republica
834 1601 932 1681 libro,
952 1620 1045 1682 quem
1072 1608 1216 1665 truncum
1240 1610 1332 1684 etque
1349 1604 1441 1665 muti-

410 1707 473 1770 lum
489 1708 688 1788 accepimus,
717 1708 902 1769 sententiam
929 1706 1029 1786 hanc,
1057 1726 1154 1788 prope
1179 1709 1344 1789 poeticam,
1373 1709 1437 1771 1311·

410 1808 503 1875 dabat
534 1814 723 1894 Augustinus
753 1841 760 1875 ι
796 1816 923 1875 «Homo
954 1832 1016 1875 non
1047 1820 1081 1876 ut
1111 1834 1127 1878 3
1154 1824 1266 1896 matre,
1296 1815 1350 1878 sed
1368 1822 1442 1879 ula

410 1935 543 1979 noverca
559 1923 670 1980 nature
699 1918 799 1980 editus
821 1920 852 1979 in
869 1918 966 1980 vitam
994 1936 1121 2000 corpore
1152 1918 1252 1999 nudo,
1276 1918 1440 2001 miragii,

409 2026 439 2085 et
457 2021 600 2099 infirm03
626 2023 729 2083 animo
757 2029 860 2085 autem
882 2024 972 2084 anxio
1002 2020 1041 2083 ad
1067 2022 1238 2102 molestias,
1269 2022 1376 2085 humili
1403 2024 1444 2086 ad

410 2127 546 2200 timores,
568 2125 650 2187 molli
665 2126 705 2188 ad
722 2126 853 2206 labores,
872 2146 969 2208 prono
985 2127 1024 2189 ad
1041 2126 1202 2204 libidines3
1220 2129 1326 2209 inquo
1341 2131 1443 2191 tamen

408 2230 526 2293 inesset
549 2238 697 2311 tanquam
714 2230 844 2293 obrutus
872 2230 997 2311 quidum
1029 2232 1154 2294 divinus
1175 2233 1254 2313 ignis
1283 2233 1396 2315 ingenii
1414 2234 1445 2295 et

410 2334 523 2397 mentis
542 2334 597 2412 (l).
609 2358 624 2392 3
638 2336 715 2408 Quae
727 2334 853 2414 quidem
872 2354 943 2417 spes
960 2335 1352 2401 vitaeiuturuecormborata
1369 2354 1443 2400 sane

410 2436 533 2500 videtur
555 2438 588 2497 in
609 2436 660 2498 illo
682 2438 829 2519 Scipionis
854 2440 993 2517 Somnio,
1011 2438 1095 2519 quoti
1116 2438 1247 2501 libenter
1277 2446 1311 2501 ut
1338 2454 1442 2502 veram

410 2538 498 2601 Tullii
514 2539 554 2602 de
580 2540 810 2603 immortalitate
825 2541 996 2603 doctrinam
1014 2540 1239 2621 acciperemus,
1259 2541 1320 2603 nisi
1341 2542 1443 2623 potius

413 2653 520 2707 auctor
535 2647 715 2727 magistrum
732 2646 888 2708 Platonem
905 2645 1066 2707 aemuletus
1083 2645 1252 2724 videretur,
1269 2654 1363 2726 quum
1374 2654 1445 2727 prta

415 2750 514 2831 priam
532 2751 708 2832 opinionem
722 2751 877 2832 peregisse
894 2776 902 2813 ι
924 2773 937 2808 κ
957 2748 1346 2829 8131313313,333333313
1363 2762 1445 2812 mor·-

412 2852 524 2931 talem,
548 2851 603 2915 sed
620 2871 732 2934 corpus
749 2851 826 2932 hoc;
845 2852 1047 2934 nequeenim
1065 2860 1096 2914 tu
1113 2870 1147 2915 es
1163 2868 1256 2934 quem
1274 2854 1371 2915 1131333
1388 2854 1445 2915 iste

411 2956 561 3037 declaret,
578 2957 634 3020 sed
650 2976 739 3020 mens
752 2959 919 3038 cujusque,
939 2959 965 3020 is
982 2964 1029 3019 est
1044 2958 1187 3039 quisque,
1204 2965 1315 3019 nonen
1326 2954 1444 3039 ligure,

412 3080 482 3143 quae
493 3063 587 3145 digito
599 3064 804 3128 demonstrari
819 3072 931 3147 potest.
950 3064 1047 3127 Deum
1066 3072 1094 3126 te
1106 3064 1201 3146 igitur
1215 3064 1290 3126 scito
1307 3072 1391 3143 11333,Ι
1402 3064 1446 3125 si·-

412 3166 539 3247 quidem
556 3169 637 3230 Deus
651 3176 720 3247 est,
738 3169 790 3250 qui
815 3170 918 3251 viget,
946 3169 999 3250 qui
1014 3168 1123 3244 sentit,
1141 3168 1193 3249 qui
1211 3167 1371 3245 meminit,
1387 3168 1444 3247 qui

414 3272 576 3354 providet,
594 3275 646 3354 qui
671 3281 734 3335 tam
756 3275 834 3356 regit
860 3282 891 3335 et
920 3274 1098 3337 moderatur
1114 3280 1145 3335 et
1165 3280 1267 3335 movet
1283 3272 1315 3335 id
1330 3283 1445 3353 corpus

415 3376 465 3439 oui
491 3378 682 3459 'praepositus
704 3385 770 3457 est,
799 3382 894 3459 1111333
923 3378 1005 3441 hunc
1036 3375 1187 3440 mundum
1212 3376 1265 3439 ille
1296 3376 1444 3458 ,princeps

409 3482 491 3545 Ileus
506 3503 513 3561 ;
527 3490 559 3545 31
574 3491 608 3545 ut
625 3482 778 3547 muntium
791 3488 835 3546 ’31
849 3482 983 3564 quadam
1006 3480 1264 3565 pertenentem
1284 3482 1350 3563 ipse
1363 3481 1444 3544 ilem

410 3594 562 3662 aeternus,
583 3588 628 3649 sic
645 3588 751 3670 fragile
764 3607 876 3670 corpus
889 3588 1011 3651 animus
1019 3586 1225 3667 sempiternus
1243 3586 1443 3665 1113113111)...

410 3691 512 3764 Quum
531 3699 631 3774 pateat
647 3700 798 3756 aeternum
816 3693 849 3756 id
864 3712 950 3772 esse,
976 3692 1060 3773 quod
1084 3711 1101 3755 3
1129 3710 1163 3754 33
1179 3691 1245 3772 ipso
1260 3698 1444 3771 urerentur,

410 3795 480 3877 quis
490 3804 548 3875 est,
566 3798 619 3878 qui
637 3797 715 3859 hanc
729 3808 872 3861 naturam
885 3798 995 3859 animis
1007 3816 1074 3859 esse
1089 3796 1234 3859 tributam
1245 3796 1356 3877 neget?
1371 3797 1444 3857 lua·

365 3944 368 3947 -
410 3900 530 3963 nimum
546 3909 593 3965 est
608 3904 691 3965 enim
708 3921 799 3965 omne
823 3902 907 3984 quod
923 3901 1015 3984 pulsu
1030 3901 1162 3983 agitatur
1185 3907 1329 3977 exterum
1356 3897 1445 3979 quod

441 4161 476 4228 (1)
492 4162 528 4213 m
538 4162 686 4229 3333133,
700 4162 746 4228 111,
762 4163 782 4213 r.
799 4130 1445 4229 31113333,333.31331ρ.,1)333ψ33

409 4250 524 4301 mnata.
1304 4288 1309 4297 ,

368 4352 376 4363 ·
441 4337 476 4406 p)
492 4338 675 4405 1113.,31,11.
