3500 5317
736 586 896 648 ..rr-

298 724 477 801 pertentant
492 718 583 780 tacite
600 717 755 780 consciam
771 735 838 779 suae
849 716 971 779 virtutis
985 723 1132 779 mentem.
1145 718 1299 781 Naturam
1312 736 1330 781 a

299 824 394 888 Tullio
409 826 581 888 invocatam
600 842 657 885 uos
671 822 759 903 sequi
777 821 908 902 jubent,
940 840 1041 903 neque
1058 822 1145 885 multi
1163 824 1250 905 pensi
1272 824 1330 885 ba·

298 930 373 993 bont
387 948 524 1010 quonam
546 928 644 1010 pretio
674 928 741 989 haec
765 926 916 988 naturalis
946 927 1090 989 honestas
1118 927 1243 990 colenda
1265 945 1332 991 esse

298 1032 449 1095 videatur.
468 1032 530 1096 Sed
546 1032 618 1094 novi
637 1032 688 1093 isti
706 1049 825 1093 morum
840 1028 1047 1113 praeceptores
1072 1051 1132 1093 non
1156 1032 1195 1093 ed
1218 1050 1330 1111 usum,

299 1138 379 1199 sicut
394 1136 530 1215 Tullius,
557 1136 706 1214 tendunt;
725 1143 756 1197 et
772 1154 961 1217 quamquam
980 1137 1109 1218 patriam
1129 1144 1251 1217 amant,
1270 1155 1332 1199 non

299 1241 359 1304 illis
369 1242 402 1302 in
416 1241 518 1303 animo
534 1248 580 1303 est
595 1240 675 1303 banc
688 1240 775 1321 quasi
790 1259 829 1302 ex
849 1247 946 1303 morte
964 1249 1172 1322 resurgentem
1186 1242 1217 1303 in
1233 1241 1333 1325 pristi-

301 1368 374 1411 nam
386 1348 559 1411 libertatem
571 1354 603 1410 et
613 1347 738 1429 gloriam
751 1346 921 1409 restituere.
937 1348 1038 1420 Quum
1049 1346 1087 1409 de
1101 1346 1246 1429 religiosis
1260 1349 1333 1410 doc·

301 1452 390 1515 trinis
405 1449 545 1514 homiues
559 1471 620 1514 non
636 1453 847 1532 consentiant,
867 1451 1017 1533 multique
1042 1453 1206 1535 scepticam
1224 1470 1334 1533 quam·

301 1554 373 1617 dam
390 1560 421 1617 et
437 1552 617 1615 rationalem
638 1554 827 1635 impietatem
845 1554 1065 1635 profiteantur,
1083 1556 1270 1618 recentiores
1284 1556 1332 1619 isti

301 1661 468 1723 ciliciorum
483 1660 673 1722 institutores
689 1660 799 1720 timore
829 1677 865 1721 eo
895 1658 1122 1740 percelluntur,
1155 1678 1195 1721 nc
1208 1659 1266 1721 ista
1282 1660 1332 1723 di-

302 1766 447 1827 versitate
463 1764 674 1827 doctrinarum
705 1763 805 1825 omnis
833 1761 994 1843 disciplina
1016 1762 1156 1841 moralis,
1181 1763 1251 1845 plus
1272 1764 1332 1825 mi-

301 1890 401 1933 nusve
416 1889 515 1951 usque
542 1870 583 1933 ad
605 1870 684 1932 banc
708 1869 788 1931 diem
818 1868 1016 1950 religionibus
1049 1869 1142 1948 fulta,
1172 1868 1333 1933 deficiente

304 1979 386 2040 omni
404 1978 549 2059 religione
563 1977 790 2058 pessumdetur.
811 1977 995 2058 Potiusque,
1013 1978 1045 2039 ni
1061 1976 1157 2056 fallor,
1176 1976 1332 2059 religioni·
1356 2022 1370 2034 .

304 2083 363 2147 bus
378 2086 490 2149 nostris
504 2084 688 2161 destructis,
706 2101 826 2145 morum
844 2090 997 2164 praecepta
1016 2082 1252 2164 qualiacumque
1267 2102 1333 2146 ser-

305 2207 391 2265 vare,
410 2205 502 2268 quam
516 2189 706 2250 sanctionem
724 2187 796 2249 vitae
812 2204 924 2249 novam
939 2187 1143 2269 omnibusque
1161 2186 1337 2269 placentem.

304 2294 414 2354 alterne
430 2292 488 2353 sibi
502 2299 691 2373 proponunt.
711 2292 843 2373 Ergoda
860 2292 1016 2354 sanctione
1034 2300 1135 2356 tacent
1147 2337 1156 2371 ,
1170 2292 1229 2354 nisi
1256 2293 1332 2355 lorte

305 2395 388 2457 illam
411 2396 561 2457 incertam
587 2396 767 2477 variamque
791 2414 884 2458 sensu
912 2397 1152 2478 uniuscujusque
1174 2396 1331 2458 definitam

307 2498 478 2561 mussitant.
494 2500 587 2561 lusito
602 2499 736 2581 quodam
752 2519 857 2563 amore
874 2501 995 2562 virtutis
1010 2508 1041 2561 et
1055 2500 1157 2561 nativa
1175 2499 1331 2561 honestate

304 2603 337 2666 iu
363 2602 447 2665 cultu
472 2603 589 2665 honesti
611 2604 815 2686 laudibusque
837 2604 960 2666 virtutis
983 2604 1171 2682 retinentur;
1189 2610 1220 2664 et
1235 2620 1331 2684 quum

303 2707 343 2771 dc
378 2710 649 2787 natura‘animae,
678 2709 717 2771 de
748 2710 809 2772 bne
833 2708 985 2789 hominis,
1014 2707 1053 2770 de
1085 2710 1147 2769 Deo
1177 2705 1330 2785 dubitent,

303 2831 466 2894 moresque
496 2819 598 2875 tamen
629 2813 807 2877 utilissimos
834 2814 917 2875 omni
947 2830 1038 2894 opera
1070 2811 1237 2874 servandos
1266 2828 1332 2873 csse

305 2925 469 2999 censeant,
505 2938 644 2982 morosa
670 2923 732 2982 Deo
765 2920 924 2999 liberant,
953 2922 1113 3000 Deumque
1151 2936 1273 2981 omnem
1302 2925 1333 2980 et

303 3042 533 3105 quemcumque
562 3025 615 3087 Dei
649 3025 766 3088 cultum
802 3025 963 3105 abjiciunt,
998 3024 1127 3105 perinde
1154 3042 1189 3085 ac
1221 3023 1332 3086 victam

305 3126 450 3190 fluctibus
482 3136 579 3191 ratem
611 3129 746 3209 pondere
776 3128 877 3191 inutili
905 3136 998 3191 nauta
1031 3127 1113 3190 levat
1141 3146 1263 3209 exspes.
1297 3128 1332 3189 ln

304 3230 423 3291 actione
450 3238 554 3292 autem
585 3231 700 3294 Tullius
726 3249 848 3293 omnem
874 3230 996 3294 laudem
1014 3231 1137 3293 virtutis
1161 3231 1251 3293 sitam
1267 3248 1334 3293 esse

307 3345 428 3418 censet,
448 3356 548 3420 neque
561 3338 712 3401 actionem
729 3357 796 3401 esse
813 3338 904 3402 ullius
916 3338 1005 3419 legis,
1025 3338 1083 3402 nisi
1100 3338 1277 3401 sanciatur:

523 3566 579 3626 Quis
590 3565 650 3617 cuim
662 3566 763 3619 virtutem
775 3566 915 3632 amplectitur
925 3566 1011 3632 ipsam,

462 3653 558 3705 Premia
569 3654 589 3706 si
600 3653 665 3706 tollas
677 3655 732 3721 (t)‘l

305 3870 349 3930 Dc
370 3867 445 3945 diis,
472 3867 512 3931 dc
526 3870 652 3932 Tartaro
677 3877 708 3932 et
735 3870 835 3953 Elysio
858 3870 985 3933 minimo
1011 3869 1206 3932 consentiunt
1228 3869 1331 3946 cives;

305 3972 476 4055 philosophi
493 3973 532 4036 de
545 3974 750 4057 metaptysicic
766 3978 936 4059 disputant,
956 3983 1009 4041 aut
1029 3975 1153 4041 omnino
1177 3974 1333 4057 metaphy-

339 4288 702 4357 (nrauu,su.r,1u.
735 4247 738 4253 ¹
