3500 5317
807 559 990 667 ,4-

400 737 493 799 rnluta
508 743 617 799 natura
636 744 759 818 pergat,
778 736 895 806 homini
925 728 1012 799 videl
1034 736 1209 817 adjunctam
1233 746 1300 802 asae
1316 752 1428 820 quam·

400 840 473 904 dam
509 839 749 923 appetitionem,
789 848 826 903 ut
854 842 970 903 nemini
1003 850 1130 923 pareat,
1158 843 1216 906 nini
1255 841 1432 909 rutilitalia

400 960 511 1025 cansa,
534 945 615 1027 juste
635 953 667 1009 et
693 945 827 1028 legitime
851 946 1019 1028 imperanti
1047 948 1099 1027 (l).
1124 968 1138 1005 a
1170 949 1233 1011 lloc
1249 955 1351 1013 autem
1370 950 1429 1015 ad-

400 1050 541 1113 mirabile
557 1051 716 1128 eristimo,
740 1050 957 1131 philosophum
972 1050 1143 1131 illustrem,
1170 1052 1329 1117 Platonicis
1344 1052 1430 1118 libris

400 1157 566 1237 imbutum,
584 1158 668 1219 amni
684 1156 822 1219 doctrina
839 1164 871 1219 et
888 1158 987 1219 Stoica
1005 1164 1036 1219 et
1050 1157 1231 1221 Academica
1255 1160 1428 1241 eruditum,

402 1277 498 1341 mum
533 1259 573 1324 de
599 1260 737 1323 maribus
753 1268 795 1323 -et
816 1262 922 1323 ciliciis
938 1262 1069 1341 scribat,
1096 1264 1223 1327 minime
1239 1282 1430 1346 quaereraan

401 1369 492 1430 homo
504 1363 633 1429 liberslt
653 1368 686 1429 in
703 1366 783 1429 banc
802 1366 921 1429 malove
936 1365 1087 1448 eligendo,
1104 1376 1136 1431 et
1152 1376 1330 1433 contentum
1352 1388 1430 1448 esse,

402 1473 428 1535 ai
443 1472 612 1534 ostenderit
624 1470 742 1533 homini
758 1472 902 1533 innatam
929 1487 996 1535 esse
1021 1484 1156 1535 amorem
1173 1474 1364 1555 imperandi,
1390 1474 1431 1537 ab

400 1578 514 1658 injusta
531 1576 739 1638 dominatione
760 1575 994 1639 alienissimum.
1014 1578 1089 1650 Quis
1105 1595 1187 1639 nunc
1210 1594 1271 1641 nan
1288 1572 1433 1641 conlitea-

404 1685 454 1746 tar
468 1684 552 1745 lianc
564 1682 678 1745 librum
687 1700 748 1744 non
760 1683 890 1744 omnino
901 1682 1049 1745 moralem
1062 1700 1139 1763 ease,
1151 1683 1206 1746 aad
1219 1684 1321 1767 potius
1331 1684 1433 1767 politi*

403 1802 485 1869 earn,
502 1807 600 1872 quum
617 1788 656 1851 da
672 1789 780 1851 officiis
796 1788 952 1851 disserens
965 1796 1082 1869 auctor,
1100 1790 1213 1852 conscii
1228 1790 1323 1852 animi
1339 1790 1433 1854 iber-

402 1902 494 1957 tatem
513 1893 727 1956 demonstrare
738 1893 998 1973 atquevindicare
1009 1894 1163 1976 negligat?

441 2000 521 2073 Quin
541 2001 572 2061 et
590 1998 667 2079 qnid
681 1999 721 2061 ait
736 1998 872 2078 bonum,
886 1998 962 2079 quid
977 1998 1092 2085 malum
1109 1999 1238 2063 definire
1252 2001 1326 2063 item
1340 2000 1433 2063 amit-

402 2104 438 2164 tit
454 2131 461 2164 :
480 2121 542 2184 qua
559 2109 666 2165 tamen
686 2104 754 2165 sine
770 2104 898 2166 scientia
915 2111 943 2165 et
961 2104 1132 2184 cognitione
1147 2103 1219 2166 boni
1235 2111 1330 2185 atque
1344 2104 1430 2185 mali,

401 2208 483 2271 nulla
499 2208 643 2270 honestas
660 2209 795 2270 existere
808 2215 927 2288 potest,
946 2204 1022 2268 nulli
1042 2226 1142 2270 mores
1157 2206 1273 2271 laudari
1293 2216 1430 2289 poseant.

400 2312 472 2374 lime
486 2318 589 2373 autem
603 2309 844 2374 demonstranda
862 2309 1100 2392 deliniendaque
1111 2319 1267 2375 auctorem
1278 2330 1296 2373 a
1308 2312 1433 2376 canutio

399 2424 596 2498 avocassent,
613 2424 704 2497 atque
718 2415 758 2480 ad
774 2417 934 2498 inceptum
956 2434 1102 2498 pergens,
1120 2417 1239 2480 nullum
1259 2417 1343 2481 aliud
1358 2417 1433 2481 boni

401 2523 534 2607 malique
553 2524 682 2609 κριτήριον
698 2525 859 2607 proponit,
887 2524 944 2586 nisi
972 2524 990 2579 ι’
1002 2542 1099 2586 unum
1115 2524 1174 2585 hoc
1189 2522 1303 2585 animal
1318 2524 1433 2586 sentire

401 2629 478 2710 quid
490 2630 530 2691 sit
544 2628 635 2709 ordo,
653 2627 731 2709 quid
745 2630 784 2705 ait
801 2623 884 2709 quod
902 2627 1027 2705 deceat,
1053 2628 1085 2687 in
1103 2620 1189 2689 iactis
1210 2623 1362 2708 dictisque
1379 2628 1433 2708 qni

402 2733 512 2796 modae
532 2735 586 2810 (2).
609 2751 624 2789 a
648 2731 769 2794 Nemini
786 2730 962 2811 negandum
985 2724 1142 2794 videbitur
1159 2729 1429 2811 pulchritudinem,

403 2840 622 2918 constentiam,
646 2835 787 2899 ordinem
818 2836 852 2898 in
889 2834 1020 2898 consiliis
1051 2836 1199 2917 lactisque
1223 2835 1433 2903 conservanda

403 2960 491 3009 esse:
511 2943 585 3006 inde
599 2942 674 3006 nilail
691 2959 829 3024 unquam
850 2963 869 3001 ιι
886 2939 1030 3007 indecore
1046 2962 1062 3001 a
1078 2941 1265 3005 laciendum.

437 3155 515 3217 liaeo
530 3170 650 3216 summa
666 3160 714 3216 eat
729 3166 833 3215 rarum
859 3170 877 3215 e
903 3151 1017 3233 quibus
1032 3152 1108 3234 ipse
1135 3150 1209 3215 dicit
1226 3170 1240 3211 a
1257 3151 1389 3215 conflari·
1401 3159 1434 3214 et

403 3257 480 3321 ellici
496 3257 579 3339 qnod
593 3258 721 3338 quaerit,
750 3258 913 3319 hunniam
933 3258 994 3336 (3l3
1017 3278 1031 3313 ι
1050 3257 1223 3338 gaudetque
1239 3256 1324 3338 quod
1340 3272 1356 3315 ιι
1372 3257 1433 3318 lor-

403 3378 486 3426 mam
515 3364 666 3444 ipsamet
698 3371 844 3444 tanquam
875 3363 982 3425 iaciant
1011 3364 1130 3426 honesti
1159 3362 1432 3443 videat,:qnae,el

403 3466 497 3530 oculis
509 3473 706 3546 caneretur,
724 3464 880 3527 mirabiles
896 3482 1027 3545 amaras,
1042 3472 1076 3527 ut
1092 3466 1135 3529 alt
1152 3466 1252 3540 Plato,
1268 3510 1271 3516 .
1285 3465 1433 3527 excitaret

435 3805 471 3869 (¹)
487 3804 522 3856 ⁰0
534 3803 641 3869 olidas
654 3802 678 3866 1,
690 3802 727 3852 a

403 3924 406 3927 ·
432 3888 469 3958 (i)
483 3890 545 3943 nto.
556 3908 590 3931 a
598 3891 732 3954 maumam
744 3903 795 3941 aar
810 3893 833 3941 et
848 3886 997 3941 samonum.
1008 3891 1031 3939 et
1048 3886 1187 3939 Platonicam
1207 3898 1259 3937 ease
1267 3883 1329 3956 ¹ralla
1342 3900 1352 3933 ι
1370 3882 1433 3948 {llicit

379 3966 382 3972 ’
401 3980 447 4043 (lle
458 3978 564 4043 Osfidu,
576 3978 600 4041 l,
613 3978 651 4043 l);
664 3980 723 4028 etse
735 3975 824 4028 Stoicos
839 3980 983 4038 mouturam,
997 3993 1010 4021 a
1023 3988 1070 4027 nan
1089 3978 1114 4025 ul
1125 3974 1281 4038 interpretem,
1295 3972 1335 4024 sed
1343 3969 1431 4037 judicia

402 4065 538 4129 arbitriaque
549 4079 591 4116 suu
603 4083 616 4109 a
629 4064 745 4129 prolitatnr
756 4063 837 4128 (lota,
850 4063 870 4124 Ι,
883 4063 921 4127 i);
936 4066 958 4114 al
969 4076 983 4113 a
995 4075 1019 4114 se
1030 4062 1092 4125 hec,
1105 4060 1192 4126 quala
1209 4060 1272 4112 ibris
1289 4060 1320 4111 de
1337 4058 1431 4123 Officiis

403 4153 492 4215 desuem
504 4151 553 4202 aliis
564 4150 626 4201 ibris
637 4154 731 4201 tractata
742 4149 811 4202 luisse
823 4153 933 4200 memorat
943 4148 1028 4213 (loto,
1043 4146 1063 4206 1,
1076 4147 1106 4208 23
1121 4143 1152 4206 u,
1170 4142 1202 4205 t;
1217 4141 1261 4208 lll,
1273 4142 1337 4208 82)ss
1354 4140 1431 4194 nlen-

403 4239 457 4289 dum
468 4241 543 4288 umen
558 4240 594 4287 est
606 4234 691 4288 nulum
701 4234 762 4287 aliud
772 4237 896 4303 κριτῄριον
909 4234 933 4285 in
944 4233 979 4286 his
992 4230 1171 4285 musiniano.

435 4324 469 4391 (d)
485 4324 520 4377 lle
532 4321 638 4387 diocto,
651 4319 676 4385 l,
688 4322 713 4374 l.
