3500 5317
724 607 882 669 45..

285 733 450 816 gerundis,
471 735 745 818 liberalitatemque
771 737 901 817 privatae
921 738 1061 820 pecuniae
1085 744 1313 805 commemorate

284 839 427 926 Denique
454 840 494 903 ad
520 840 682 904 humiliora
703 847 857 922 praeoepta
879 840 1057 917 deseendit,
1089 843 1317 925 proclamatque

284 950 434 1024 quantum
451 946 548 1027 prosit
563 944 744 1023 valetudini,
764 945 817 1017 rei,
839 944 970 1024 lumiliae,
983 944 1092 1027 siquis
1107 947 1141 1009 in
1156 948 1316 1013 honestate

284 1065 417 1129 semper,
434 1056 466 1113 et
477 1050 606 1130 justitia,
627 1057 659 1112 et
675 1049 878 1131 temperantia
895 1067 927 1111 se
944 1050 1109 1115 contineat.

322 1258 384 1322 Nec
399 1260 488 1340 satis;
506 1261 540 1322 in
556 1262 647 1323 tertio
668 1258 746 1322 libro
763 1260 876 1322 iterum
892 1259 1078 1340 iterumque,
1095 1262 1228 1325 Panaetio
1244 1282 1319 1326 auo·¹

284 1367 364 1437 tore,
397 1366 526 1446 repetit,
554 1382 716 1446 nunqnam
747 1382 838 1445 posse
866 1362 1027 1425 utilitatem
1058 1382 1128 1428 oum
1157 1366 1316 1432 honestate

281 1485 438 1548 pugnare;
456 1469 489 1529 in
504 1469 653 1550 exemplis
669 1467 786 1531 diutius
802 1476 1021 1547 commoratus,
1040 1470 1250 1535 demonstrare
1269 1474 1315 1534 ci·

282 1573 374 1651 ribus
400 1574 558 1637 contendit
589 1576 778 1639 honestatem
794 1622 803 1654 ,
822 1575 944 1637 etiamsi
960 1573 1077 1637 inutilis
1100 1583 1154 1639 aut
1177 1578 1316 1641 nocitura

283 1679 436 1753 videatur,
455 1682 555 1762 reipsa
585 1688 690 1744 tamen
719 1680 871 1743 utiliorem
900 1697 968 1743 esse
996 1680 1126 1742 utilitate
1144 1681 1268 1763 injusta.
1284 1684 1316 1747 Si

283 1782 365 1846 clara
379 1784 447 1847 lnce
464 1792 497 1847 et
514 1804 588 1848 vero
605 1792 738 1868 aspectu,
748 1785 862 1847 intueri
879 1791 1005 1865 possent
1019 1784 1158 1847 homines
1180 1786 1265 1867 quid·
1282 1787 1316 1849 in

268 1890 369 1951 omni
392 1891 607 1971 conjunctione
631 1890 830 1954 utilissimum
847 1891 888 1953 sit
902 1889 988 1972 ipsiS,
1007 1889 1065 1952 hoo
1082 1890 1165 1954 idem
1183 1910 1250 1955 esse
1266 1892 1316 1957 vi·

284 1993 393 2057 darent
419 2002 512 2077 atque
541 1996 624 2077 quod
656 1996 923 2072 honestissimum,
951 2012 1054 2076 neque
1074 2013 1211 2075 unquam
1235 1997 1316 2058 inter

284 2096 462 2161 electionem
479 2099 597 2162 honesti
615 2099 663 2163 vel
682 2099 764 2162 utilis
780 2100 946 2161 haererent.
966 2099 1046 2172 Quin
1063 2108 1095 2161 et
1111 2117 1143 2161 se
1163 2102 1316 2181 accepisse

285 2200 360 2263 dicit
395 2204 576 2282 Socratem,
613 2206 842 2267 sanctissimum
875 2202 1013 2265 omnium
1043 2201 1313 2283 philosophorum,

287 2327 301 2362 a
320 2306 472 2367 exsecrari
485 2305 605 2369 solitum
623 2326 685 2387 eos,
702 2308 756 2388 qui
775 2307 911 2388 primum
926 2306 993 2393 haec
1011 2313 1119 2367 natura
1136 2303 1317 2367 coherentia

287 2408 431 2489 opinione
456 2409 667 2474 distraxissent
692 2413 750 2491 (l);
784 2435 797 2469 o
824 2419 917 2492 atque
941 2410 1127 2491 principium
1149 2416 1179 2472 et
1203 2409 1317 2473 lunda·

290 2519 427 2581 mentum
447 2516 538 2579 totius
554 2518 655 2599 operis
677 2524 843 2600 repetens,
863 2516 1067 2578 convenienter
1083 2516 1178 2578 eicere
1198 2523 1318 2578 nature

288 2614 371 2683 idem
384 2638 450 2683 esse
464 2620 634 2685 seeundum
652 2622 768 2684 Stoicos
785 2620 986 2699 demonstrat,
1005 2626 1096 2701 atque
1115 2618 1319 2681 convenienter

286 2722 437 2804 utilitati,
454 2743 552 2805 quum
573 2744 696 2789 summa
719 2724 833 2788 utilitas
854 2724 985 2787 hominis
1009 2724 1041 2784 in
1062 2722 1186 2805 propria
1208 2730 1317 2786 natura

285 2829 479 2897 observanda
498 2834 712 2898 constituatur.
1282 2910 1284 2914 ,

239 3006 246 3017 ,
325 2936 428 3009 Quum
443 2943 547 3001 nutem
563 2938 714 3001 actionem
732 2945 803 3000 ante
818 2937 921 2999 omnia
939 2935 1092 3016 exquirat,
1111 2936 1138 2997 ei
1157 2936 1248 2997 timor
1265 2934 1316 2996 in-

282 3038 403 3119 jicitur,
420 3060 460 3103 ne
477 3048 540 3103 tam
563 3062 641 3123 pura
665 3061 787 3105 morum
815 3046 970 3123 praeeepta
996 3038 1163 3101 difficiliora
1189 3043 1318 3118 acceptu

286 3144 465 3227 videantur;
492 3150 632 3229 quamvis
656 3149 836 3231 eloquenter
862 3146 1114 3209 communitatem
1142 3144 1261 3207 honesti
1286 3150 1317 3206 et

285 3250 367 3313 utilis
383 3250 595 3316 demonstrare
611 3262 753 3333 conatur,
770 3270 832 3314 non
850 3259 952 3314 tamen
970 3267 1094 3331 sperare
1113 3255 1213 3330 potest
1228 3266 1261 3309 se
1274 3248 1319 3310 ci·

285 3354 375 3417 vibus
391 3374 611 3438 persuasurum
638 3375 716 3430 esse,
742 3374 895 3420 summam
913 3363 944 3417 et
959 3354 1109 3435 integram
1126 3351 1317 3414 honestatem
1377 3404 1400 3415 „.

286 3478 447 3541 nunqnam
465 3480 535 3523 cnm
552 3462 698 3544 proesenti
715 3462 846 3525 utilitate
866 3479 1014 3542 pugnare.
1034 3461 1111 3539 Ergo
1126 3476 1163 3519 ce
1178 3457 1252 3539 quid
1266 3458 1317 3518 ni-

285 3566 342 3629 mie
351 3567 383 3628 in
393 3568 459 3648 ipsa
471 3567 585 3631 virtute
597 3568 724 3631 colenda
737 3566 943 3645 commendat,
955 3567 1097 3645 civesque
1108 3561 1147 3625 ab
1158 3562 1318 3624 honestate

285 3670 335 3734 illa
348 3672 483 3752 perfetta
497 3672 643 3752 deterret,
660 3692 754 3753 quam
772 3672 938 3736 laudavere
955 3670 1121 3750 sapientes.
1140 3670 1206 3729 lam
1218 3685 1251 3729 se
1263 3685 1318 3748 pa-

244 3807 246 3811 ·
286 3776 356 3837 triae
368 3776 498 3839 multum
511 3779 659 3859 proluisse
673 3778 858 3858 opinabitur,
875 3777 901 3837 si
920 3774 1068 3857 populum
1086 3793 1123 3835 ex
1140 3779 1317 3853 contemptu

286 3880 387 3943 omnis
396 3878 563 3945 honestatis
577 3890 608 3945 et
622 3902 660 3945 ex
674 3883 791 3964 impetu
803 3881 836 3942 in
851 3897 973 3943 omnem
989 3878 1175 3959 voluptatem
1190 3882 1221 3939 et
1235 3894 1318 3938 com·

287 3982 465 4049 moditatem
481 3987 555 4049 satis
570 3988 722 4066 avocarit,
738 3994 773 4049 ut
792 3985 889 4049 media
906 3991 1025 4045 tantum
1041 3981 1109 4061 illa,
1124 4000 1195 4062 quae
1211 3981 1318 4043 dieunt

286 4085 389 4166 Stoici,
400 4088 510 4170 effide,
524 4109 595 4155 cum
608 4091 691 4153 omni
705 4109 816 4170 genere
829 4090 963 4151 humano
973 4086 1157 4167 communia,
1170 4094 1263 4166 atque
1276 4084 1317 4149 ad

320 4316 355 4383 (q
371 4319 406 4370 na
418 4319 525 4386 orceo,
538 4320 583 4385 ur,
595 4320 620 4373 a.

453 4681 458 4689 r
476 4621 504 4664 s
