3500 5317
441 725 530 809 llam,
548 730 697 795 amicitias
710 731 878 797 eelebrnvit
891 739 923 796 et
935 732 1054 812 extulit,
1070 732 1214 811 slhrnat,
1234 754 1248 792 s
1264 750 1362 813 quum
1376 732 1477 795 omnia

441 831 560 896 ratione
575 836 741 916 animoque
757 834 909 916 lustrarit,
923 835 1060 899 omnium
1083 835 1263 899 societatum
1281 833 1396 905 nullam
1410 853 1478 899 esse

442 936 632 1017 graviorem,
651 938 767 1002 nullam
778 940 939 1017 cariorem,
958 958 1051 1023 quam
1068 958 1136 1012 eam
1150 957 1223 1021 ques
1237 957 1307 1003 eum
1320 939 1477 1022 republica

442 1048 489 1103 eet
507 1043 672 1124 unicuique
688 1053 827 1109 nostrum
843 1073 852 1108 ι
869 1046 932 1115 eari
949 1054 1023 1109 sunt
1039 1053 1193 1128 parentes,
1207 1046 1270 1111 cari
1285 1044 1385 1121 liberi,
1404 1063 1477 1129 pro·
1497 1121 1502 1143 ι

441 1148 567 1229 pinqui,
586 1150 767 1231 familiares,
794 1152 971 1215 redemeris
987 1153 1121 1215 emnium
1136 1151 1278 1215 caritates
1291 1152 1396 1234 patrie
1411 1168 1476 1215 una

448 1251 776 1333 complexoeot(l).o
828 1307 830 1312 .
919 1282 924 1301 ι

479 1361 548 1422 Jam
566 1363 653 1423 tertia
671 1363 784 1437 virtus,
803 1381 864 1443 qua
879 1364 1053 1445 respublica
1077 1384 1203 1429 romana
1220 1365 1335 1444 crevit,
1352 1383 1475 1445 quaque

441 1463 560 1529 tamdiu
575 1466 700 1529 libertas
714 1467 827 1549 viguit,
848 1468 1012 1549 fortitudo,
1032 1470 1204 1533 maximisa
1220 1468 1315 1533 Tullio
1330 1467 1476 1531 laudibus

442 1566 607 1629 extollitur.
630 1569 775 1650 Semper,
805 1578 839 1633 ut
861 1570 975 1651 septus
1001 1569 1155 1649 diximus,
1183 1569 1223 1633 ad
1250 1568 1474 1651 rempublicam

442 1678 575 1753 spectat,
610 1672 715 1753 nilque
748 1674 907 1755 pulchrius
936 1673 1041 1737 videre
1068 1683 1121 1737 aut
1147 1675 1249 1737 animo
1272 1674 1331 1735 sihi
1359 1673 1474 1755 fingere

442 1784 558 1858 potest,
576 1795 670 1858 quam
686 1778 896 1841 tortitudinem
914 1785 946 1840 ot
960 1778 1056 1841 robur
1075 1780 1176 1861 magni
1202 1778 1355 1857 consulis,
1386 1802 1400 1840 r
1420 1782 1475 1859 qui

442 1899 545 1963 nequo
560 1902 650 1964 opes,
668 1902 725 1944 nec
739 1884 906 1965 potentiam
920 1883 1155 1963 consectabitur,
1174 1890 1329 1962 totamque
1344 1900 1474 1965 tempus

443 1986 555 2049 blicam
571 1988 616 2049 sio
632 1987 780 2068 tuebitur,
798 1995 833 2051 ut
849 1988 993 2051 omnibus
1005 1988 1179 2051 consulat...
1194 2013 1201 2067 ς
1219 1989 1404 2069 omninoque
1429 1987 1475 2050 ita

439 2092 567 2172 justitiae
587 2093 799 2173 honestatique
824 2092 1027 2171 adunassent,
1050 2099 1105 2173 ut,
1131 2092 1205 2155 dum
1234 2111 1269 2155 ec
1296 2098 1472 2170 conservet,

365 2282 369 2285 ῃ
442 2198 584 2278 quamvis
623 2199 757 2280 graviter
791 2198 945 2277 ollendat,
979 2207 1171 2280 mortemque
1200 2206 1325 2281 oppetat
1356 2198 1474 2281 potius·

442 2320 534 2383 quam
552 2302 674 2365 deserat
690 2303 740 2365 illa
756 2322 829 2384 qnae
844 2302 908 2365 dixi
928 2306 983 2380 (i),
1004 2326 1017 2361 o

482 2408 620 2489 lienique
646 2409 872 2489 temperantiam
895 2410 993 2490 ipsam
1019 2410 1181 2479 adureres
1205 2411 1305 2492 potius
1333 2410 1473 2491 publicos

317 2533 319 2536 ·
442 2531 535 2595 quam
552 2513 687 2594 privatos
703 2514 806 2591 refert,
820 2532 949 2595 eamque
962 2514 1108 2577 virtutem
1124 2514 1288 2595 collaudat,
1304 2534 1376 2595 qaae
1390 2514 1473 2577 ciros

442 2619 474 2679 in
490 2618 630 2699 eligendo
651 2636 764 2699 genere
791 2619 864 2681 vitm
893 2617 1021 2699 diriget,
1051 2638 1122 2699 quae
1147 2620 1228 2700 ipsos
1252 2620 1283 2681 iu
1311 2618 1470 2688 bominum

442 2726 625 2787 commercio
642 2723 782 2786 babendo
798 2723 1025 2801 moderabitur,
1043 2733 1075 2785 et
1093 2725 1226 2787 maxime
1242 2725 1274 2787 in
1296 2722 1472 2793 venerenda

443 2829 599 2912 republica
622 2828 798 2911 tuendaque
820 2830 975 2892 communi
1002 2838 1099 2893 matre
1113 2829 1290 2894 continebit.
1307 2832 1471 2910 Quumque

444 2935 509 2997 boeo
532 2946 688 3017 praecepte
713 2953 836 3017 semper
856 2934 898 2997 ad
915 2935 1075 3016 optimates
1099 2943 1129 2997 et
1145 2944 1247 3018 patres
1276 2935 1471 3017 potiusquam

443 3039 482 3102 ad
495 3038 617 3120 plebem
629 3048 661 3102 et
674 3040 810 3122 privatos
827 3041 1012 3121 pertineant,
1029 3040 1143 3120 majore
1161 3040 1246 3121 eopia
1258 3045 1472 3121 proponuntur

442 3163 478 3206 ea
496 3162 566 3225 quae
579 3143 618 3207 de
631 3145 826 3225 magistratu,
845 3144 886 3207 de
902 3145 1073 3224 eloquentia
1090 3144 1220 3223 lorensi,
1246 3144 1284 3207 de
1310 3142 1472 3209 clientibus

443 3250 590 3319 curandis
602 3250 768 3314 habentur.

480 3462 642 3545 Postquam
657 3471 759 3526 autem
777 3464 843 3526 haee
860 3462 1005 3526 universa
1026 3463 1119 3526 totius
1136 3462 1303 3527 honestatis
1317 3470 1471 3545 praecepta

440 3571 608 3649 proposuit,
619 3569 702 3631 cives
721 3568 760 3631 ad
772 3568 919 3630 virtutem
929 3568 1145 3635 exhortaturus
1169 3568 1262 3631 multa
1283 3565 1472 3648 illispraebet

441 3683 512 3737 ante
526 3675 627 3737 oeulos
640 3674 781 3757 exempla
794 3674 997 3755 significantia
1013 3693 1084 3755 quae
1098 3674 1249 3755 dignitas,
1268 3693 1339 3754 quae
1356 3672 1469 3735 utilitas

441 3780 595 3860 etiamque
609 3780 748 3861 voluptas
764 3779 836 3841 insit
850 3780 882 3840 in
901 3779 1013 3841 virtute
1028 3787 1057 3844 et
1072 3779 1198 3841 honesto
1211 3777 1347 3841 colendo.
1367 3777 1470 3850 Quum

441 3884 548 3947 civitas
568 3904 691 3967 semper
710 3904 846 3968 praesens
871 3886 967 3947 menti
991 3885 1056 3964 ejus
1080 3905 1147 3949 sese
1169 3886 1290 3964 oderat,
1312 3900 1469 3965 quumque

438 3990 540 4053 minus
569 3989 608 4052 de
622 3991 741 4071 privata
755 3990 867 4053 familia
878 4007 971 4070 quam
986 3988 1027 4055 ds
1040 4009 1072 4052 re
1084 3990 1235 4054 disserere
1247 3988 1370 4071 publica
1382 3986 1466 4067 velit,

470 4233 505 4299 (1)
522 4231 677 4299 haerese,
691 4234 717 4294 ι,
730 4233 769 4284 rr,

472 4320 507 4388 (a)
523 4321 594 4383 nn„
607 4321 630 4384 r,
642 4322 683 4371 ss.
