3500 5317
772 581 913 647 ...7-

357 717 402 794 lu
418 723 532 782 notura
546 716 799 806 bominisfrutio:
815 716 856 779 ad
871 733 973 781 mures
989 734 1063 799 ergo
1077 734 1149 782 suos
1168 732 1359 801 componen-

327 820 394 899 dos,
415 821 531 885 homiui
548 818 715 902 quaereada
725 826 799 882 sunt
814 838 862 899 ea,
877 838 950 900 quae
963 821 1115 883 naturalis
1128 819 1178 885 illa
1195 822 1291 901 ratio,
1311 822 1359 885 val

325 925 502 1005 intellectus,
515 924 563 987 vel
577 942 773 1006 quocumque
794 925 920 986 nomine
942 924 1030 989 illud·
1043 924 1132 992 nobis
1146 927 1290 989 omnibus
1311 927 1359 988 in·

325 1031 419 1095 situm
435 1029 589 1112 designari
606 1030 725 1111 placeat
739 1079 747 1108 ,
763 1030 945 1110 rogare'sibi
961 1038 992 1093 et
1006 1038 1152 1114 appetere
1162 1032 1318 1097 ¹videntur.

368 1158 382 1194 a
402 1136 473 1199 Haec
488 1143 615 1212 natura,
634 1134 828 1215 virationis,
847 1136 1005 1199 bominem
1016 1135 1157 1200 conciliat
1171 1138 1316 1213 bomini,¹
1329 1145 1361 1201 ct
1381 1217 1384 1222 Ι
1414 1194 1419 1199 .

326 1240 366 1303 ad
380 1242 524 1304 orationis
542 1248 574 1303 et
589 1240 632 1304 ad
647 1240 905 1304 vitaesocietatem
923 1244 989 1319 (t)n
1006 1269 1013 1303 ι
1033 1242 1089 1305 boo
1112 1248 1158 1305 est
1173 1243 1359 1325 principium

328 1346 428 1409 omnis
438 1344 627 1429 reipublicae,
648 1353 742 1426 atque
757 1345 840 1409 hunc
856 1346 1027 1409 naturalem
1042 1353 1074 1409 et
1086 1348 1294 1413 necessarium
1306 1349 1360 1411 bo·

329 1453 465 1517 minibus
489 1454 665 1516 instinctum
691 1454 798 1515 Cicero
821 1453 985 1535 praetendit
1000 1455 1097 1535 'quasi
1124 1454 1360 1519 tundamentum

328 1559 466 1622 omnium
483 1559 683 1634 societatum,
700 1556 749 1620 vel
767 1558 859 1621 tutius
875 1558 1001 1640 generis,
1011 1558 1153 1633 humani,
1170 1558 1219 1621 val
1234 1560 1358 1641 patriae,

329 1663 534 1742 vettamtttae,
552 1661 602 1725 vel
617 1662 768 1743 coniugii:
791 1662 964 1743 «impellit
974 1670 1009 1725 ut
1032 1663 1193 1729 hominum
1209 1672 1306 1729 coetus
1330 1672 1361 1728 et

328 1787 395 1831 csse
411 1776 471 1831 eta
487 1787 522 1831 se
537 1766 616 1829 obiri
634 1766 725 1842 velit;
746 1766 787 1829 ob
804 1785 916 1848 easque
934 1786 1041 1831 causas
1057 1768 1178 1833 studeat
1200 1788 1309 1851 parare
1324 1789 1361 1835 ca

328 1892 399 1955 quae
412 1872 613 1954 suppeditent
633 1878 664 1933 et
681 1870 723 1933 ad
741 1871 858 1935 cultum
882 1878 913 1933 ot
928 1871 968 1934 ad
988 1872 1123 1950 victum,
1140 1892 1198 1935 nec
1209 1872 1268 1936 sibi
1284 1873 1358 1953 soli,
1429 1854 1431 1863 ’

328 1976 384 2040 sed
399 1978 539 2058 conjugi,
555 1975 681 2056 liberis,
707 1975 878 2057 ceterisque
895 1993 972 2057 quos
988 1993 1074 2039 caros
1091 1976 1204 2039 habeat
1220 1978 1361 2061 tuerique

329 2081 441 2145 debeat
454 2084 510 2160 (2).
527 2106 541 2140 a

370 2188 443 2251 llaec
454 2187 549 2249 etiam
565 2192 693 2266 natura,
715 2185 765 2249 vel
780 2188 874 2266 ratio,
887 2187 1043 2250 bominem
1060 2186 1190 2269 impellit
1205 2187 1244 2251 ad
1258 2188 1363 2271 inqui-

330 2293 472 2359 sitionem
490 2294 556 2355 veri
573 2300 666 2373 atque
682 2293 958 2375 investigationem.
982 2294 1083 2367 Quum
1098 2294 1139 2356 ad
1150 2311 1239 2357 usum
1256 2293 1362 2365 tandm

332 2396 456 2469 Tullius,
470 2396 597 2459 minime
613 2404 700 2460 curat
710 2397 742 2459 in
751 2398 800 2461 his
809 2397 897 2461 libris
906 2397 984 2478 quid
995 2398 1035 2461 sit
1047 2416 1157 2461 verum
1171 2399 1342 2480 exquirere
1351 2425 1362 2463 a

333 2503 391 2576 hcc
412 2509 532 2565 tautum
549 2511 650 2578 notat,
667 2505 784 2568 scilicet
803 2506 1007 2586 cognitionem
1021 2522 1145 2584 rerum,
1163 2513 1217 2569 aut
1229 2506 1363 2572 occulta·

332 2626 402 2670 rum
427 2616 488 2670 aut
503 2607 753 2689 admirabilium,
780 2611 955 2673 curiositate
978 2610 1090 2699 mentis
1106 2611 1197 2674 insita
1215 2611 1255 2674 ad
1270 2611 1364 2676 beate

332 2712 500 2777 vivendum
517 2715 721 2778 necessariam
742 2714 833 2793 duci;
861 2731 900 2777 nx
916 2734 997 2797 quo,
1013 2733 1115 2796 neque
1138 2714 1288 2781 definiens
1303 2736 1363 2781 ne·

331 2819 727 2901 queperpendeusverum,
737 2839 839 2902 neque
855 2820 895 2883 do
911 2821 1053 2885 facultate
1069 2820 1269 2902 dignoscendi
1281 2822 1360 2901 ueri,

332 2923 372 2986 de
385 2924 611 3006 probabilitate,
625 2926 664 2988 do
671 2944 776 2988 errore
783 2925 955 3007 quidquam
967 2943 1106 3007 unquam
1115 2925 1276 3008 disputans
1287 2926 1363 3004 ,b‘cc
1451 2974 1454 2978 -

333 3036 452 3092 tantum
469 3029 609 3111 intelligit
625 3039 656 3093 et
670 3032 822 3110 affirmat,
844 3055 858 3090 o
875 3031 960 3112 quod
976 3050 1101 3109 verum,
1119 3032 1264 3113 simplex,
1295 3031 1363 3094 sin·

333 3149 503 3217 ceramque
523 3136 576 3215 sit,
605 3137 637 3200 id
665 3152 734 3201 esse
760 3129 881 3202 uaturae
908 3138 1041 3202 bominis
1064 3139 1257 3221 aptissimum
1275 3140 1360 3217 (dte

333 3240 485 3305 Omnibus
496 3242 528 3306 id
539 3242 653 3324 placuit
669 3244 865 3326 pbilosophis,
880 3232 1035 3307 bominem
1048 3252 1154 3309 natum
1174 3262 1241 3307 esse
1252 3245 1292 3308 ad
1305 3248 1363 3309 vce

327 3346 474 3425 ritatem3
496 3354 590 3429 atque
601 3348 723 3425 Cicero,
739 3367 838 3429 quum
853 3367 977 3411 omnem
992 3348 1031 3411 de
1048 3350 1114 3413 veri
1127 3357 1235 3413 natura
1253 3349 1364 3431 dispu-

334 3451 478 3515 tationem
488 3452 617 3534 rejiciat,
637 3454 749 3516 certior
764 3454 969 3517 videturesse
985 3472 1073 3517 suam
1088 3453 1231 3544 omnibus
1251 3474 1363 3537 accep·

335 3562 397 3618 tam
411 3557 475 3621 lore
490 3557 673 3622 doctrinam.
694 3560 731 3622 Ni
743 3559 838 3640 fallor,
857 3578 896 3622 ex
917 3578 952 3623 ea
977 3559 1177 3642 negligentia,
1195 3567 1249 3623 aut
1264 3561 1365 3643 potius

334 3660 472 3739 audacia,
488 3668 622 3742 constat,
638 3672 753 3745 quanto
768 3666 864 3747 magis
880 3665 920 3728 ad
933 3665 1094 3729 utilitatem
1107 3684 1200 3747 quam
1211 3665 1252 3729 ad
1265 3667 1363 3747 ipsam

330 3764 491 3827 scientiam
507 3766 639 3830 inlibris
656 3768 691 3831 dc
712 3770 824 3851 Officiis
842 3770 947 3833 Cicero
960 3770 1136 3836 tetenderit.

375 3872 541 3953 Quumque
555 3874 660 3955 istam,
677 3877 940 3957 quam-instituit,
959 3877 1041 3941 viam
1057 3878 1090 3941 in
1105 3877 1290 3960 inquirenda
1307 3878 1364 3943 bo·

368 4132 404 4198 (t)
419 4133 455 4185 ΡΘ
466 4132 573 4201 ΟΜ,
585 4136 609 4199 ¹,
621 4136 645 4187 ⁴·

369 4222 405 4288 (a)
420 4222 483 4275 nu.

369 4308 405 4376 (³)
421 4309 482 4364 llll·
