3500 5317
858 624 1021 685 ..48-

593 884 612 963 §
633 885 660 945 l.
679 918 716 930 -
734 885 776 945 Dr
789 882 900 964 ficibus
916 882 1058 945 donorum
1074 882 1275 944 etmalorum.

468 1095 548 1157 Sunt
562 1094 694 1175 quibus,
711 1101 745 1155 ut
765 1094 914 1175 Epicuro,
940 1093 1058 1175 placet,
1077 1092 1153 1155 fines
1171 1092 1322 1154 bonorum
1340 1100 1370 1152 et
1386 1108 1453 1153 ma-

428 1198 527 1261 lcrum
545 1206 664 1261 naturae
688 1204 801 1261 nostrae
816 1199 998 1277 insitorum,
1024 1198 1177 1280 voluptate
1199 1195 1409 1259 [antummodo
1425 1201 1456 1256 et
1497 1178 1513 1223 ·'‘

429 1304 532 1367 dolore
548 1304 696 1368 contineri
714 1306 768 1381 (l).
791 1306 900 1368 Omnia
929 1303 1036 1367 dieunt
1061 1304 1249 1383 animantia,
1278 1303 1358 1365 inter
1385 1319 1456 1382 quae

428 1409 519 1471 homo
539 1428 613 1471 sane
638 1409 865 1483 numerandus,
886 1408 1071 1491 voluptatem
1093 1427 1250 1471 summum
1266 1408 1382 1471 bonum
1398 1425 1456 1487 ap·

429 1522 556 1597 petere,
576 1514 710 1576 dolorem
726 1524 827 1576 autem
843 1532 996 1576 summum
1016 1514 1129 1577 malum
1146 1516 1248 1597 ingere
1270 1541 1277 1576 ι
1305 1532 1374 1593 quae
1391 1511 1458 1592 qui-

431 1620 502 1681 dem
520 1626 637 1681 naturae
659 1620 861 1681 animantium
889 1619 989 1681 inesse
1014 1618 1220 1697 contendunt,
1245 1618 1324 1680 sicut
1341 1624 1370 1679 et
1395 1615 1456 1697 igni

430 1724 561 1786 calorem
573 1730 626 1785 aut
641 1723 720 1785 melli
734 1723 939 1785 dulcedinem.
955 1723 1019 1785 Nou
1033 1732 1135 1785 autem
1148 1722 1337 1785 credendum
1349 1728 1395 1783 est
1407 1738 1458 1781 eos

431 1828 507 1891 adeo
519 1848 620 1890 crasse
634 1828 816 1909 voluptarios
825 1847 905 1910 esse,
919 1835 952 1889 ut
965 1847 1031 1891 eam
1042 1828 1137 1890 sclam
1149 1828 1335 1909 voluptatem
1344 1825 1459 1887 haben-

432 1936 503 1998 dam
519 1955 585 1998 esse
599 1944 753 2015 censeant,
772 1956 843 2017 quae
858 1954 967 1997 sensus
980 1935 1111 1997 alliciat:
1131 1934 1185 1997 sed
1202 1933 1296 1995 animi
1313 1931 1458 2014 gaudium

433 2051 463 2103 et
478 2041 737 2121 tranquillitatem,
750 2042 975 2121 anxietatisque
990 2048 1019 2103 et
1032 2040 1149 2101 timoris
1162 2038 1357 2114 vacuitatem,
1373 2054 1459 2097 sum-

435 2164 516 2208 mam
533 2153 563 2207 et
579 2153 692 2207 rectam
724 2144 912 2226 voluptatem
939 2144 1111 2209 collaudant
1143 2146 1195 2223 (Ξ).
1223 2142 1297 2205 lnde
1320 2141 1460 2223 judicant

433 2269 486 2314 eas
501 2269 578 2330 quas
596 2269 739 2312 vocamus
762 2249 851 2330 vulgo
877 2251 1023 2331 virtutes,
1050 2250 1250 2331 sapientiam,
1288 2255 1460 2327 temperan-

435 2352 520 2431 tiam,
531 2352 738 2416 iortitudinem
751 2361 781 2417 et
790 2356 953 2436 justitiam,
966 2376 982 2417 a
994 2355 1147 2437 voluptate
1161 2354 1277 2435 sejungi
1288 2371 1348 2414 non
1361 2368 1460 2432 posse,

435 2474 531 2537 quum
547 2457 586 2519 ad
603 2458 804 2521 removendos
825 2461 919 2522 animi
940 2468 1089 2538 terrores,
1112 2459 1150 2520 ad
1171 2458 1289 2520 dolores
1304 2454 1462 2518 evitandos

435 2565 489 2621 aut
505 2560 573 2635 lorti
593 2567 717 2641 pectore
734 2560 895 2640 terendos,
914 2562 953 2623 ad
970 2580 1055 2642 spem
1074 2560 1255 2623 firmandum
1272 2558 1464 2621 societatem-

436 2683 496 2746 que
524 2664 689 2743 tuendam,
715 2665 947 2727 commoditates
975 2666 1194 2743 conciliandas,
1224 2666 1317 2727 vitam
1343 2662 1463 2725 beatam
1504 2728 1509 2739 ¹

437 2769 572 2850 denique
588 2770 757 2851 parandam
775 2771 908 2833 maxime
926 2770 1047 2833 valeant
1061 2772 1115 2846 (3).

479 2877 554 2949 Quae
576 2875 614 2938 ad
631 2883 810 2957 argumenta
836 2875 1001 2938 refellenda
1027 2877 1141 2939 Tullius
1167 2877 1281 2959 optime
1306 2875 1397 2951 dicit,
1426 2872 1465 2934 de

439 2980 545 3042 bestiis
558 2978 725 3060 judicium,
744 2980 895 3061 quamde
913 2982 1035 3043 homine
1051 2990 1175 3063 agatur,
1206 2981 1364 3041 minimam
1389 2996 1465 3039 aue-

439 3084 591 3146 toritatem
607 3084 719 3146 babere
735 3086 795 3164 (l);
818 3093 848 3147 et
870 3084 910 3147 ab
927 3087 1058 3165 Epicuro
1074 3086 1183 3167 negligi
1207 3084 1290 3167 quod
1311 3101 1467 3146 summum

438 3208 475 3252 ao
489 3190 678 3272 praecipuum
695 3191 726 3250 in
745 3191 867 3252 homine
881 3198 944 3270 est,
964 3192 1122 3270 rationem,
1141 3210 1210 3272 quae
1227 3210 1300 3253 sane
1326 3209 1467 3271 pronun-

440 3295 494 3358 tiat
508 3295 546 3357 de
563 3295 717 3376 voluptate
736 3321 749 3354 u
769 3296 843 3356 nihil
858 3316 925 3359 esse
940 3298 966 3358 ei
986 3297 1061 3376 loci,
1082 3317 1143 3360 non
1171 3297 1260 3359 modo
1281 3305 1314 3359 ut
1331 3297 1392 3359 sola
1411 3314 1470 3377 pc-

437 3407 529 3462 natur
547 3400 580 3460 in
602 3402 714 3462 summi
737 3400 808 3461 boni
831 3401 923 3479 sede,
941 3402 995 3463 sed
1024 3420 1063 3463 ne
1084 3401 1134 3463 illo
1155 3402 1279 3482 quidem
1303 3401 1409 3475 modo,
1436 3408 1473 3463 ut

438 3502 478 3565 ad
495 3504 684 3565 honestatem
699 3503 869 3585 applicetur
896 3506 950 3583 (5).
972 3528 985 3562 o
1005 3506 1080 3579 Quis
1105 3513 1207 3568 autem
1234 3505 1336 3567 dicere
1358 3504 1474 3567 audeat

442 3606 626 3688 voluptatem
645 3626 712 3670 esse
724 3628 879 3671 summum
897 3610 989 3671 linem
1007 3611 1121 3672 homini
1141 3611 1347 3692 propositum,
1372 3629 1473 3690 quum

441 3714 598 3795 proprium
628 3716 667 3776 sit
693 3717 831 3777 omnium
859 3715 1073 3778 excellentium
1108 3716 1244 3779 virorum
1281 3716 1475 3796 voluptatem

471 3992 506 4057 (l)
522 3991 558 4044 lle
569 3993 687 4056 Finibus,
700 3994 724 4056 l,
739 3994 760 4044 i.

471 4080 506 4145 (Ξ)
522 4080 741 4143 lou.,1,10,1t.

471 4168 506 4234 (3)
523 4168 735 4232 lotu.,l,tt-18.

472 4255 507 4321 (l)
523 4255 594 4318 ibid,
607 4256 643 4319 ll,
657 4256 696 4306 tl.

476 4342 510 4406 (5)
527 4342 646 4406 loto.,11,
661 4343 700 4393 tn.
