3500 5317
753 594 894 654 ...9-

304 722 464 805 sapientiae
485 722 541 800 (l).
562 744 577 778 o
595 725 726 786 Omnem
748 722 882 785 hominis
902 712 1049 787 ‘naturam
1072 726 1105 785 in
1134 724 1182 787 his
1206 730 1338 805 quatuor

304 826 445 909 patlibus
454 826 747 891 definiendamesse
764 825 823 889 sibi
846 827 1028 908 persuadet,
1045 812 1100 891 aul
1116 828 1217 909 polius
1234 828 1338 893 lectori

303 930 489 1013 persuadere
505 932 609 1013 cupit,
627 931 741 993 seilicet
757 931 790 991 in
807 932 1031 1012 perspicientia
1049 934 1115 993 veri
1130 912 1335 1014 solertiaqne;

301 1035 335 1097 in
350 1037 493 1099 societate
510 1034 642 1115 luenda,
662 1042 727 1097 lum
743 1035 877 1116 privata,
897 1042 967 1097 ium
983 1035 1122 1117 publica;
1149 1036 1181 1097 in
1197 1035 1338 1101 libertate

303 1143 474 1227 servanda3
491 1144 525 1206 in
541 1141 649 1205 ordine
670 1149 702 1204 et
729 1140 820 1204 modo
836 1142 974 1205 omniurn
990 1161 1123 1223 quaeque
1143 1142 1222 1205 liunl
1238 1150 1270 1205 el
1285 1143 1335 1205 di·

304 1258 428 1314 orimur.

344 1355 447 1428 Quum
467 1354 602 1415 ethicum
619 1352 733 1415 librum
749 1353 886 1433 scribat,
911 1361 942 1416 et
966 1362 1107 1419 naturam
1124 1354 1335 1436 rationemque

300 1460 469 1523 humanam
486 1459 642 1540 exploret,
661 1466 736 1539 quoi
767 1467 799 1521 el
814 1468 930 1539 quanta
957 1460 1096 1523 conscius
1109 1460 1331 1540 praelermillill

302 1564 350 1627 Nil
362 1563 402 1626 de
421 1564 533 1626 meniis
546 1563 723 1626 aulanimae
734 1571 860 1641 caturca
871 1564 914 1626 nil
927 1564 1053 1627 debono
1064 1562 1234 1627 auidoline
1243 1564 1332 1643 boni3

302 1669 349 1742 nil
362 1670 402 1731 de
416 1678 527 1732 natura
543 1669 635 1749 hujus
652 1668 719 1731 veri
745 1668 901 1749 hujusque
928 1670 1045 1732 ordinis
1060 1668 1100 1732 ab
1132 1670 1198 1747 ipsc
1217 1669 1333 1733 laudati

302 1776 479 1855 conquirite
499 1775 616 1855 quippe
652 1794 724 1855 quae
753 1776 872 1851 omnia,
905 1793 1007 1856 neque
1036 1774 1156 1839 civibus
1190 1776 1334 1840 omnibus

299 1886 425 1959 accepia
451 1879 567 1956 iorenl,
585 1896 687 1957 neque
721 1879 761 1941 ad
793 1880 1015 1961 rempublicam
1041 1880 1115 1942 salis
1129 1879 1330 1961 perlicerent.

301 1984 497 2045 ilonesmtem
529 1981 696 2063 quamdam
719 1982 824 2064 lingit,
848 1983 1004 2065 politicam
1028 1991 1158 2062 lanium,
1184 2002 1275 2063 quam
1292 1984 1332 2047 ab

301 2088 475 2167 omninno,
501 2087 543 2149 ab
559 2089 646 2151 omni
662 2072 786 2151 notione
806 2090 902 2151 animi
924 2090 1092 2170 sejunctam
1108 2090 1270 2172 proponil3
1289 2090 1331 2153 iia

302 2200 385 2255 ulei
399 2193 515 2257 facilius
539 2193 683 2258 omnibus
704 2202 829 2276 accepia
857 2194 1015 2275 videatur,
1041 2202 1073 2258 el
1090 2196 1189 2275 aptior
1212 2194 1265 2257 ilai
1290 2194 1330 2259 ad

302 2298 522 2363 restituendam
538 2300 704 2364 civitatem.

505 2539 507 2542 ·
576 2512 595 2591 §
617 2512 653 2574 ll.
671 2543 712 2576 -,
732 2511 906 2592 officiorum
921 2511 1046 2573 sanctio.

336 2719 424 2782 Nono
438 2727 540 2783 aulem
562 2720 651 2784 nobis
666 2721 895 2803 inspiciendum
909 2728 976 2802 esi,
995 2720 1147 2802 quomodo
1162 2722 1217 2783 hos
1227 2738 1328 2786 mores

295 2823 402 2887 civiles
421 2825 541 2887 civibus
557 2833 698 2908 acceptos
713 2827 836 2889 ellinere
860 2834 989 2889 conatus
1010 2828 1101 2890 inerit
1115 2833 1230 2900 auctor,
1248 2846 1329 2909 qua·
1347 2860 1349 2865 ·

294 2946 356 3009 que
369 2928 498 2993 andacia
510 2932 616 2993 lovem
631 2951 801 3013 omnesque
825 2933 918 3012 hujus
939 2932 1129 3001 sociosrdoos
1148 2934 1301 2997 deriserit.

333 3036 402 3096 lam
420 3034 554 3098 vidimus
570 3036 672 3117 illum,
700 3038 783 3100 haud
806 3056 895 3100 secus
909 3057 944 3100 ao
957 3039 1011 3118 qui
1028 3046 1130 3101 nostra
1153 3045 1243 3101 aelate
1259 3056 1326 3099 mo-

294 3138 390 3201 ralem
406 3138 605 3221 philosophiae
619 3148 738 3221 partem
762 3161 779 3203 a
796 3144 858 3203 Dec
879 3142 1099 3224 segregandam
1116 3160 1182 3205 essa
1204 3149 1325 3224 pulani,

294 3262 418 3306 omnem
434 3242 572 3306 divinam
590 3264 712 3307 morum
730 3246 962 3328 officiorumque
978 3248 1075 3329 legem
1091 3248 1259 3327 abiecisse,
1277 3254 1326 3309 to·

294 3356 422 3429 tamque
438 3348 634 3411 honestatem
651 3369 690 3411 ex
707 3350 866 3414 hominum
883 3359 990 3413 natura
1015 3352 1166 3419 hausisse
1182 3351 1212 3413 Si
1232 3352 1324 3424 forle,

293 3472 391 3534 quum
408 3453 500 3517 fidem
517 3462 548 3517 et
558 3454 775 3535 iusiurandum
789 3455 1184 3537 observandumpracdicet,
1196 3456 1234 3518 ds
1250 3456 1326 3523 love

294 3557 347 3619 liat
363 3558 492 3632 mentio,
510 3558 681 3622 exclamat:
709 3583 723 3618 o
742 3562 821 3622 Num
845 3562 957 3623 iratum
973 3561 1116 3621 timemus
1140 3562 1270 3623 Joveml
1287 3560 1326 3642 Al

291 3661 349 3723 hoo
367 3661 495 3743 quidem
519 3681 683 3726 commune
718 3671 764 3727 est
796 3665 933 3727 omnium
955 3663 1227 3747 philosophorum,
1262 3683 1325 3728 non

289 3783 397 3828 sorum
412 3766 502 3829 modo
518 3768 572 3847 qni
593 3767 686 3830 deum
714 3767 791 3831 nihil
816 3769 930 3831 habere
947 3770 1049 3851 ipsum
1072 3769 1183 3851 negotii
1196 3769 1322 3850 dicunt,

291 3877 322 3931 el
337 3870 414 3932 nihil
436 3870 583 3933 exhibere
597 3872 704 3953 alteri,
723 3874 779 3936 sed
795 3892 903 3937 eornm
915 3875 1007 3937 eiiam
1022 3874 1074 3955 qni
1092 3873 1185 3937 deum
1201 3892 1324 3955 semper

290 3992 380 4055 agere
394 3975 511 4057 aliquid
543 3985 575 4039 et
605 3978 705 4041 moliri
724 3980 848 4058 volunt,
868 3997 1027 4061 nunquam
1047 3997 1104 4041 nee
1124 3978 1213 4041 irasci
1228 3978 1321 4040 deum

290 4094 348 4139 nec
364 4094 486 4141 nocere.¹
507 4080 590 4153 Qnid
605 4089 710 4143 aulem
730 4082 827 4145 iratus
841 4083 960 4166 Jupiter
974 4082 1042 4165 plus
1055 4099 1164 4170 nocere
1176 4082 1324 4167 poluissei

322 4303 356 4371 (1)
374 4304 409 4357 De
422 4304 530 4374 Officiis,
543 4306 568 4373 1,
581 4307 604 4358 5.
