3500 5317
875 622 1035 683 ...40-

440 771 533 837 quam
548 744 651 818 nocuit
664 754 722 817 sibi
736 756 803 836 ipse
815 751 948 833 Regulus
959 753 1028 826 llll
1047 776 1059 809 n
1079 752 1208 833 Longius
1225 759 1256 815 et
1272 752 1468 834 eloquentius

441 862 480 925 de
495 862 546 923 illo
566 861 679 943 llegulo
699 861 835 942 disputat
847 858 977 933 Tullius,
1006 859 1127 939 quise,
1157 865 1194 921 ut
1215 860 1360 923 omnibus
1381 877 1469 922 com*

440 974 563 1048 pertum
594 973 658 1045 est,
681 968 747 1048 ipse
777 963 1077 1045 Carthaginiensibus
1100 964 1301 1045 iureiurando
1332 965 1471 1047 alligatus

440 1072 593 1149 restituit,
625 1089 722 1151 quum
754 1070 880 1131 minime
905 1070 1074 1150 ignoraret,
1102 1086 1135 1130 se
1159 1068 1198 1130 ad
1224 1068 1470 1133 crudelissimum

441 1164 615 1237 hostem'et
638 1174 677 1235 ad
706 1175 857 1255 exquisita
877 1174 1026 1255 supplicia
1054 1172 1204 1255 proficisci
1224 1176 1278 1251 (i).
1303 1177 1416 1238 lterum
1438 1177 1471 1237 in

441 1300 507 1343 eam
537 1282 620 1342 tovis
652 1279 836 1341 derisionem
860 1279 940 1341 redit
968 1279 1108 1341 Tullius:
1131 1280 1227 1341 uNon
1245 1288 1312 1358 est,
1346 1281 1469 1363 inquit,

439 1386 559 1466 Jupiter
576 1384 775 1463 metuendus,
797 1402 898 1465 neque
927 1385 1024 1445 iratus
1042 1391 1152 1461 uocet,
1179 1386 1232 1465 qui
1256 1404 1356 1465 neque
1380 1386 1471 1451 irasci

442 1490 536 1567 solet,
563 1508 663 1569 neque
688 1506 848 1550 nocere...
879 1488 967 1561 Quod
996 1494 1098 1550 autem
1125 1489 1274 1551 allirmate
1295 1491 1382 1570 quasi
1414 1489 1472 1555 dee

441 1602 518 1658 teste
534 1595 721 1676 promiseris,
738 1594 770 1655 id
790 1592 959 1655 tenendum
977 1601 1034 1655 est.
1052 1596 1119 1655 Jam
1146 1595 1228 1656 enim
1255 1613 1316 1655 non
1340 1595 1379 1657 ad
1391 1595 1470 1659 iram

442 1689 574 1779 deorum,
592 1717 658 1780 quc
671 1698 759 1760 nullo
773 1704 825 1771 est,
835 1696 890 1760 sed
904 1696 944 1759 ad
949 1697 1093 1778 justitam
1107 1702 1137 1759 et
1145 1697 1232 1779 fidem
1242 1698 1376 1779 pertinet
1387 1699 1468 1780 (3).o

442 1946 445 1952 ,
482 1909 586 1973 Fides!
604 1909 748 1971 Attamen
769 1910 867 1971 sine«
890 1908 962 1970 Fide
981 1928 994 1964 o
1015 1907 1084 1985 dea,
1111 1926 1204 1987 quam
1233 1908 1365 1970 vicinam
1388 1909 1473 1974 Jovis

443 2016 477 2076 in
503 2013 649 2095 Capitolio
675 2020 794 2075 veteres
815 2012 943 2075 Romani
969 2011 1171 2087 collocarent,
1195 2019 1228 2074 et
1254 2030 1325 2091 quae
1346 2013 1474 2091 justitiae

443 2128 544 2183 custos
570 2128 662 2200 atque
684 2118 799 2180 vindex
821 2118 1042 2195 adorabantur,
1068 2135 1212 2198 quaenam
1234 2118 1381 2197 societas,
1400 2136 1471 2200 quae

444 2223 616 2305 respublica
628 2219 848 2306 ¹subsisteret‘l
864 2224 896 2285 Si
916 2224 1017 2285 omnia
1039 2224 1103 2303 jam
1119 2223 1339 2302 summoveris,
1357 2223 1474 2304 quibus

444 2330 535 2411 vulgo
572 2330 712 2391 homines
746 2329 780 2389 in
808 2328 892 2391 cultu
924 2327 997 2390 boni
1035 2330 1217 2410 honestique
1259 2330 1468 2407 continentur,

445 2452 517 2515 quae
541 2432 653 2495 deinde
679 2432 760 2513 leges
776 2428 1042 2496 observabunturl
1071 2434 1102 2496 Si
1124 2434 1282 2513 antiquam
1298 2434 1380 2496 illam
1399 2435 1473 2497 vitae

445 2541 590 2604 humanae
605 2539 792 2601 sanctionem
810 2537 970 2619 rejeceris,
987 2530 1147 2620 Deumque
1170 2540 1265 2602 bonos
1291 2558 1472 2603 remunera-

446 2652 567 2722 turum,
601 2643 757 2723 malcsque
780 2642 960 2723 puniturum
991 2643 1167 2721 negaveris,
1187 2661 1248 2723 qua
1265 2662 1319 2725 spe
1340 2642 1412 2706 boni
1439 2644 1472 2706 iu

445 2751 603 2812 honestate
634 2746 746 2808 deinde
782 2745 1063 2823 confirmabuntur,
1103 2763 1202 2826 quove
1243 2732 1358 2825 terrore
1401 2748 1473 2812 mali

446 2853 663 2916 arcebunture
684 2850 836 2931 pravitate
859 2848 942 2909 omni
963 2855 994 2909 et
1007 2846 1143 2909 'scelere‘l
1164 2848 1241 2921 Qum
1257 2849 1391 2930 denique
1405 2856 1472 2911 sta·

446 2958 492 3020 bit
511 2957 650 3019 «Fides‘t
669 2954 801 3017 »Noluit
823 2962 926 3016 tamen
948 2952 1046 3015 ullum
1074 2972 1175 3034 neque
1207 2954 1346 3033 latorem,
1371 2973 1473 3036 neque

444 3064 601 3127 vindicem
626 3064 700 3144 legis
726 3080 818 3143 quam
843 3060 963 3123 civibus
984 3060 1172 3142 proponebat
1194 3062 1311 3125 Tullius
1338 3062 1476 3125 invocari

447 3172 556 3231 Deum.
583 3169 704 3249 Quique
728 3167 819 3229 hodie
846 3166 955 3229 eadem
979 3186 1045 3247 prae
1068 3185 1100 3229 se
1124 3168 1243 3240 lerunt,
1276 3160 1348 3229 non'
1366 3167 1475 3229 melio·

447 3273 533 3335 ribus
561 3292 636 3335 sane
664 3272 763 3334 causis
784 3270 996 3352 impelluntur,
1024 3290 1116 3352 quam
1133 3289 1205 3352 quae
1231 3271 1264 3332 in
1296 3290 1364 3334 cam
1391 3272 1474 3339 viem

447 3376 603 3459 quondam
618 3376 809 3439 induxerunt
828 3382 1016 3445 servatorem
1041 3375 1126 3439 illum
1145 3382 1175 3438 et
1191 3382 1359 3438 amatorem
1372 3374 1475 3457 iucly-

448 3487 516 3542 tum
532 3482 576 3542 rei
599 3498 743 3542 romanae.

487 3691 603 3754 Nostris
613 3690 819 3773 temporibus,
836 3692 1025 3755 sanctionem
1041 3709 1149 3773 parum
1162 3698 1271 3753 curant
1287 3690 1339 3771 qui
1356 3688 1473 3753 nullam

448 3797 611 3877 opinantur
620 3815 687 3859 esse
695 3798 878 3859 iutcrlteum
888 3796 1024 3859 etolficia
1032 3797 1280 3859 communitatem
1291 3823 1298 3857 ι
1310 3794 1477 3857 amabilem

446 3918 504 3981 per
513 3919 546 3962 se
558 3899 747 3981 proclamant
762 3902 917 3979 virtutem,
929 3907 959 3962 et
968 3898 1077 3980 gaudia
1090 3903 1206 3961 secreta
1221 3897 1389 3977 celebrant,
1404 3914 1477 3978 quae

479 4163 514 4229 (n
530 4162 566 4215 ne
577 4159 684 4227 creec,
697 4159 742 4226 m,
754 4160 794 4212 ts.

478 4252 514 4320 (a)
529 4251 597 4315 nte,
608 4250 652 4311 m,
664 4250 704 4301 er.

480 4343 514 4412 (a)
530 4342 602 4407 nte,
615 4341 662 4407 m,
674 4342 713 4394 ae.
