3500 5317
1773 651 2092 714 ...4ο-

904 784 1035 846 haec
1082 782 1334 862 eadem,
1372 800 1613 844 morum
1661 782 1932 863 regulam
1980 783 2344 863 instituenS,
2383 783 2668 865 negligit,
2706 803 2782 848 ne
2815 786 2954 866 quis

905 908 976 951 ea
1030 906 1258 968 negans
1306 905 1504 949 mores
1537 905 1782 968 quoque
1821 895 1881 948 et
1918 888 2110 950 officia
2161 887 2437 969 deneget.
2490 891 2703 952 Omnis
2749 898 2951 952 tamen

904 1011 1144 1056 morum
1173 999 1235 1054 et
1263 991 1598 1054 officiorum
1631 993 1888 1073 quaestio
1920 1011 1996 1055 ex
2030 993 2159 1071 his,
2196 1010 2336 1074 quae
2369 991 2656 1073 dicimus,
2681 1001 2949 1057 emanat.

982 1195 1046 1259 Si
1075 1196 1213 1277 quis
1246 1179 1457 1259 omnes
1495 1197 1753 1279 scriptas
1787 1196 2041 1258 deorum
2077 1207 2136 1259 et
2171 1197 2479 1261 hominem
2517 1198 2677 1280 leges
2710 1198 2774 1260 in
2809 1218 2948 1261 sus-

902 1301 1180 1383 picione,
1216 1309 1282 1363 ut
1315 1300 1739 1382 philosophum
1788 1301 1998 1381 decet,
2048 1301 2267 1365 habeat
2290 1348 2307 1380 ,
2342 1322 2540 1365 mores
2572 1321 2646 1365 ex
2694 1301 2950 1367 naturali

904 1406 1067 1467 fonte
1097 1404 1466 1468 derivandos
1499 1406 1758 1467 fateatur
1793 1423 2038 1469 necesse
2073 1414 2185 1468 est.
2222 1407 2344 1469 Sed
2378 1407 2492 1469 nisi
2529 1407 2628 1469 hic
2659 1408 2790 1487 ipse
2822 1408 2952 1468 fons

901 1513 1149 1575 divInus
1182 1514 1300 1574 erit
1329 1520 1389 1574 et
1417 1512 1829 1592 necessarius»,
1867 1531 2006 1593 quae
2040 1530 2216 1575 causa
2254 1512 2371 1575 erit
2402 1531 2512 1575 cur
2551 1514 2748 1594 potius
2779 1513 2948 1575 illum

902 1620 1075 1700 quasi
1096 1618 1351 1680 fluvium
1374 1637 1618 1700 sequar,
1644 1637 1832 1699 quam
1852 1617 2012 1681 illius
2037 1617 2324 1681 fluctibus
2348 1619 2633 1681 resistere
2655 1628 2716 1681 et
2745 1619 2954 1680 obluc-

902 1722 1041 1801 tari,
1071 1722 1121 1783 si
1151 1721 1400 1783 libertas
1430 1721 1634 1801 detur,
1670 1721 2029 1803 aggrediar?
2067 1722 2308 1784 Sanitas
2335 1768 2352 1800 ‚
2387 1731 2451 1783 ut
2483 1722 2780 1803 exemplis
2815 1730 2951 1784 uta-

904 1844 1063 1905 mur,
1102 1834 1163 1887 et
1194 1824 1475 1887 valetudo
1505 1827 1776 1906 corporis
1809 1825 2110 1889 servanda
2141 1833 2255 1903 est,
2292 1825 2689 1907 medicusque
2723 1844 2950 1887 vocan-

898 1929 1039 2007 duS,
1071 1930 1121 1992 si
1149 1931 1300 1991 forte
1322 1930 1597 1992 membra
1628 1930 1839 1991 morbo
1870 1929 2321 1992 laboraverint:
2350 1949 2536 2009 quam
2564 1930 2643 1991 ob
2663 1930 2956 1992 causam?

900 2034 1200 2107 Quoniam
1230 2033 1406 2097 nobis
1432 2035 1591 2096 inest
1620 2034 1874 2114 quidam
1905 2052 2076 2096 amor
2104 2033 2543 2095 conservandae
2567 2035 2710 2096 vitae
2740 2041 2953 2095 natura

902 2138 1137 2200 insitus.
1179 2138 1285 2199 Sin
1333 2146 1539 2200 autem
1589 2137 1783 2200 libero
1818 2138 1966 2199 mihi
2015 2140 2198 2199 vitam
2242 2138 2414 2217 quasi
2458 2138 2755 2219 injustum
2802 2156 2953 2199 onus

903 2243 1155 2322 rejicere
1200 2251 1260 2305 et
1302 2262 1530 2305 exuere
1564 2242 1841 2324 placeat,
1890 2244 2028 2323 quis
2074 2250 2285 2305 auctor
2329 2244 2408 2304 sit
2449 2244 2555 2323 qui
2605 2262 2703 2305 me
2748 2242 2950 2305 sensui

904 2348 1211 2409 communi
1246 2354 1307 2409 et
1336 2346 1571 2427 vulgari
1601 2347 1920 2409 hominum
1949 2348 2218 2427 opinioni
2252 2347 2551 2409 inservire
2588 2349 2805 2429 cogat?
2837 2346 2953 2409 Cur

898 2471 1029 2513 -non
1064 2451 1262 2513 libens
1287 2451 1548 2513 moriar?
1570 2453 1744 2529 Item,
1777 2451 1827 2513 si
1860 2470 2012 2513 meae
2041 2469 2414 2532 quamquam
2443 2451 2600 2512 inest
2630 2452 2821 2513 menti
2852 2470 2954 2512 ve·

887 2556 1103 2619 ·ritatis
1135 2557 1473 2635 curiositas,
1502 2557 1657 2618 hanc
1686 2565 1890 2618 tamen
1923 2557 2051 2618 veri
2079 2556 2535 2637 inquisitionem
2556 2555 2954 2618 difficiiiorem

886 2669 970 2724 ‘et
1002 2663 1393 2743 ingratiorem
1429 2662 1688 2723 habeam
1710 2707 1727 2739 ‚
1771 2678 1956 2740 quam
1992 2661 2090 2721 cui
2124 2660 2614 2723 satisfaciendum
2644 2660 2912 2739 judicem
2937 2705 2954 2737 ,

909 2769 1040 2830 sive
1086 2769 1231 2829 mihi
1286 2767 1519 2829 dulcior
1566 2767 1852 2828 videatur
1884 2767 2222 2846 ignorantia
2287 2775 2348 2828 et
2405 2773 2615 2847 torpor
2659 2766 2953 2848 pigrffiae,

905 2876 1045 2955 'quis
1100 2874 1244 2935 mihi
1323 2872 1701 2935 demonstret
1750 2871 2069 2934 scientiam
2123 2879 2328 2935 tamen
2391 2874 2555 2935 omni
2622 2874 2840 2935 ardore
2902 2880 2963 2935 et

906 2980 1113 3043 labore
1146 2998 1279 3042 esse
1311 2980 1758 3060 quaerendam?
1794 2978 1956 3053 Quin
1990 2985 2051 3039 et
2081 2979 2132 3040 si
2165 2979 2470 3040 societatis
2510 2998 2683 3041 amor
2718 2980 2961 3041 innatus

908 3085 1126 3148 nimios
1152 3104 1185 3147 a
1219 3102 1317 3146 me
1344 3091 1597 3146 conatus
1624 3093 1680 3147 et
1709 3083 1955 3146 duriora
1983 3083 2174 3145 officia
2207 3091 2414 3163 petere
2437 3083 2744 3161 videatur,
2776 3101 2958 3164 quam

914 3196 981 3251 ut
1008 3188 1153 3251 alios
1181 3188 1458 3250 homines
1484 3188 1629 3249 mihi
1663 3206 1846 3270 opera
1879 3186 2194 3250 conciliare
2225 3194 2474 3261 tentem,
2507 3206 2648 3268 quae
2677 3188 2826 3250 ratio
2859 3188 2957 3264 sit,

910 3313 1051 3374 quae
1102 3312 1199 3354 me
1249 3291 1446 3355 solum
1494 3293 1908 3371 infestumque
1967 3292 2131 3353 omni
2189 3292 2463 3353 societati
2504 3292 2713 3354 vivere
2756 3293 2962 3354 vetet?

910 3399 1068 3460 Num
1106 3397 1250 3458 mihi
1283 3396 1561 3458 libertate
1589 3396 1677 3456 uti
1710 3402 1777 3457 ut
1806 3395 1952 3458 libet
1987 3415 2108 3456 non
2147 3395 2326 3457 licet?
2358 3396 2516 3457 Num
2549 3415 2646 3457 me
2675 3386 2961 3457 h'onesta-

914 3511 1037 3565 tem
1073 3510 1308 3564 naturae
1340 3520 1495 3564 meae
1529 3500 1751 3563 clarius
1798 3501 2195 3563 obscuriusve
2247 3501 2511 3563 infusam
2552 3500 2749 3563 colere
2782 3518 2963 3581 opor-

914 3607 1086 3683 tebit,
1132 3608 1182 3668 si
1228 3607 1453 3686 majora
1496 3606 1745 3687 gaudia,
1796 3604 2230 3687 placentesque
2266 3605 2456 3686 magis
2508 3604 2847 3686 voluptates
2899 3605 2963 3664 in

917 3716 1142 3777 virtute
1170 3713 1616 3775 contemnenda
1643 3712 1902 3774 inveniri
1938 3711 2277 3793 opinabor?
2320 3711 2443 3775 Cur
2483 3731 2606 3774 non
2641 3711 2964 3793 scepticam

876 3819 1089 3881 istam
1137 3818 1500 3881 sententiam
1551 3817 1706 3879 liber
1770 3817 2065 3897 accipiam
2118 3843 2133 3877 ε
2185 3840 2211 3873 «
2245 3815 2648 3879 Contemnere
2700 3824 2762 3878 et
2814 3834 2961 3877 con-

914 3924 1135 4001 temni;
1172 3945 1199 3981 »
1236 3931 1343 3985 aut
1373 3923 1555 3984 etiam
1593 3922 1748 3984 hanc
1771 3919 2160 3983 audaciorem
2194 3947 2208 3981 ε
2249 3944 2275 3978 α
2310 3920 2719 4001 Corrumpere
2745 3929 2807 3982 et
2833 3937 2967 3982 cor·

912 4030 1153 4110 rumpi?
1178 4051 1204 4086 n
1231 4030 1359 4090 Non
1383 4028 1505 4091 sola
1536 4035 1778 4107 natura,
1807 4027 1916 4089 sed
1945 4025 2072 4108 lege
2100 4028 2283 4088 etiam
2315 4035 2599 4091 naturam
2634 4029 2830 4108 ipsam
2866 4045 2967 4087 re-

910 4142 1089 4215 gente
1120 4151 1273 4214 opus
1296 4140 1411 4212 est,
1435 4152 1554 4213 qua
1583 4151 1784 4196 mores
1809 4140 1870 4193 et
1898 4132 2089 4194 officia
2123 4140 2286 4194 recte
2313 4133 2762 4195 constituantur
2790 4139 2970 4211 atque

916 4238 1181 4318 legitime
1202 4238 1558 4318 jubeantur.

998 4344 1285 4410 Naturam
1317 4342 1509 4425 legem
1541 4361 1673 4406 esse
1700 4343 1889 4406 dicis:
1923 4343 2017 4406 lex
2065 4345 2196 4426 ipsa
2233 4346 2350 4407 erit
2389 4351 2629 4423 natura,
2659 4344 2718 4420 ‚si
2748 4361 2783 4407 a
2815 4360 2968 4426 quo-
