3500 5317
876 594 1036 659 ..Η-

441 727 576 793 minibus
592 727 678 793 utilia
693 728 755 791 siut
769 740 808 791 ex
823 726 927 791 labore
943 732 974 789 et
989 725 1140 791 industria
1156 724 1286 790 aliorum
1306 724 1465 791 hominum

441 832 539 894 oriri:
557 850 628 895 num
647 854 661 890 ι
680 849 782 912 neque
810 828 994 895 valetudinis
1021 830 1150 910 curatio,
1175 848 1278 911 neque
1300 830 1465 911 navigatio,

441 954 543 1019 neque
558 937 754 1019 agricultura,
772 953 874 1017 neque
889 936 1010 1016 frugum
1038 936 1255 1017 fructuumque
1278 935 1466 1017 reliquorum

441 1041 596 1124 perceptio
611 1048 643 1104 et
657 1043 848 1103 conservatio
873 1040 940 1102 sine
964 1039 1123 1104 homiuum
1140 1058 1231 1123 opera
1248 1039 1310 1104 nlla
1326 1058 1393 1104 esse
1408 1059 1465 1122 po-

442 1147 549 1211 tuisset
566 1148 622 1229 (l).
640 1169 654 1205 o
670 1149 799 1227 Jamque
823 1152 986 1209 enumerat
1008 1164 1213 1228 quaecumque
1240 1146 1326 1211 utilia
1350 1146 1466 1209 bomini

441 1250 482 1313 ab
495 1250 618 1314 bomine
631 1251 711 1314 socio
724 1249 940 1334 praebeantur;
951 1256 1056 1313 contre
1071 1250 1208 1333 depingit
1220 1258 1295 1332 quot
1307 1258 1338 1313 et
1350 1257 1466 1332 quanta

442 1356 522 1419 mala
537 1357 653 1419 bomini
667 1356 758 1419 bomo
773 1356 902 1419 inlestus
921 1356 1039 1419 alferat.
1057 1356 1133 1419 lude
1148 1356 1245 1438 liquet
1259 1357 1398 1419 omnium
1412 1375 1469 1438 pa·

441 1462 516 1524 riter
541 1461 708 1539 interesse,
725 1461 800 1525 alius
813 1461 897 1523 omni
923 1478 1017 1541 opera
1037 1460 1096 1525 sibi
1112 1462 1293 1541 conciliare;
1309 1461 1383 1525 inde
1398 1480 1466 1525 ma·

440 1567 549 1631 nilesto
565 1574 706 1649 apparet,
726 1565 847 1629 nullam
869 1565 1035 1630 subsistere
1060 1586 1149 1649 posse
1172 1584 1312 1650 regnum,
1331 1568 1389 1631 uisi
1406 1566 1467 1629 flde

440 1680 473 1736 et
485 1674 612 1735 caritate
635 1670 792 1750 landetur,
814 1689 886 1751 qnae
903 1670 975 1733 solea
1001 1672 1178 1734 societatem
1194 1679 1226 1733 et
1242 1672 1426 1735 constituere
1437 1677 1468 1733 et

441 1779 520 1842 tueri
548 1776 652 1841 valent
673 1777 754 1837 inter
786 1775 937 1839 homines.
973 1776 1073 1857 thue
1103 1774 1252 1857 exemplis
1278 1776 1467 1857 propositum

440 1880 515 1945 illud
538 1880 649 1956 fulciat,
670 1880 766 1943 multa
787 1878 961 1960 eloquentie
987 1878 1177 1943 demonstrat
1192 1881 1294 1963 qualia
1310 1879 1468 1943 commoda

440 1994 472 2051 et
486 1995 634 2068 quantam
649 1992 831 2067 potestatem
848 1992 968 2049 veteres
984 1986 1112 2048 Romani
1128 2005 1167 2049 ex
1184 1986 1341 2049 honestate
1354 1992 1385 2047 et
1397 1987 1467 2066 jus·

439 2092 506 2155 titia
531 2094 713 2173 receperint.
740 2093 805 2153 llox
820 2098 852 2153 et
866 2090 907 2153 ad
923 2091 1081 2173 inceptum
1103 2092 1203 2172 redit,
1229 2099 1260 2155 et
1287 2110 1323 2154 eo
1346 2109 1468 2172 semper

440 2194 542 2259 studio
557 2195 718 2277 impulsus,
735 2193 945 2275 utzoptimates
961 2195 1001 2257 ab
1015 2196 1098 2257 omni
1112 2196 1263 2276 injustitia
1278 2195 1310 2257 in
1326 2194 1468 2258 habenda

441 2298 598 2381 republica
624 2307 762 2373 revocet,
784 2306 992 2380 tyrannosque
1015 2298 1158 2380 debellet,
1177 2300 1292 2364 nullam
1310 2320 1377 2363 esse
1392 2318 1467 2382 per·

441 2405 550 2468 lectam
576 2403 701 2484 gloriam
729 2403 912 2483 denuntiat,
939 2402 1121 2485 nullumque
1151 2405 1274 2468 firmum
1304 2405 1468 2485 imperium

441 2507 584 2588 obtineri,
602 2509 660 2571 nisi
676 2507 789 2589 deligat
804 2506 981 2586 multitudo,
1000 2507 1154 2590 fidemque
1170 2508 1283 2573 habeat
1299 2508 1438 2573 ducibus.

481 2615 562 2690 Quid
585 2614 697 2697 plural
711 2616 747 2676 ln
764 2616 821 2678 isto
837 2615 972 2679 secundo
998 2616 1170 2697 Officiorom
1187 2616 1264 2680 libro
1290 2616 1371 2679 nibil¹
1388 2616 1472 2680 aliud

442 2718 622 2801 explicetur,
640 2718 700 2780 nisi
717 2718 831 2781 utilitas
847 2726 940 2799 atque
959 2720 1101 2799 maiestas
1123 2720 1260 2801 pulchrae
1276 2729 1307 2783 et
1322 2719 1402 2783 benc
1418 2740 1471 2783 ore

441 2824 556 2887 dinatee
571 2824 711 2885 civitatis.
725 2823 919 2886 Definiuntur
933 2823 1029 2886 cilicia
1045 2825 1237 2906 principum3
1254 2825 1472 2890 describuntur

442 2929 556 3011 regulas
567 2927 735 3009 juvenibus
751 2928 965 3009 observandae,
983 2929 1037 3009 qui
1055 2930 1171 2993 civitati
1188 2931 1334 3015 prodesse
1350 2939 1381 2994 et
1397 2950 1471 3013 per·

442 3037 552 3098 lectam
569 3035 694 3115 gloriam
716 3036 830 3098 virtute
845 3054 883 3097 ac
897 3034 1045 3116 dignitate
1062 3034 1190 3117 adipisci
1207 3038 1343 3119 cupiant.
1360 3036 1471 3119 Splen-

443 3140 545 3221 didis,
574 3141 780 3221 Ciceroneque
810 3139 1017 3222 dignissimis,
1049 3142 1224 3207 celebratur
1252 3143 1394 3207 laudibus
1421 3142 1472 3208 illa

443 3246 571 3308 forensis
586 3244 770 3325 eloquentia,
788 3264 862 3326 quae·
875 3245 964 3308 toties
979 3246 1202 3329 rempublicam
1220 3268 1237 3311 e
1254 3248 1389 3331 periculo
1406 3266 1473 3311 ser·

444 3347 545 3426 ravit,
583 3364 753 3427 causasque
790 3348 920 3409 oratoris
946 3348 1119 3413 causidicus
1153 3356 1185 3411 et
1214 3356 1315 3413 orator
1340 3350 1473 3431 inclytus

444 3470 537 3532 agens
551 3452 634 3513 omni
648 3450 759 3513 ardore
773 3457 804 3513 et
819 3469 936 3530 amore,
952 3452 1086 3515 ostendit
1105 3460 1218 3533 quanta
1241 3455 1383 3517 omnibus
1397 3454 1475 3517 civi·

444 3558 503 3619 bus
526 3556 641 3620 utilitas
663 3576 702 3619 ex
725 3557 832 3620 rostris
852 3564 883 3620 et
902 3576 920 3620 e
939 3565 1048 3620 serrata
1066 3559 1263 3641 percipiatur,
1281 3578 1377 3642 quum
1394 3560 1474 3625 bona

444 3662 574 3725 civitatis
589 3662 813 3727 administratio
832 3662 1076 3745 uniuscujusque
1093 3684 1157 3727 rem
1176 3673 1206 3729 et
1223 3665 1474 3747 tranquillitatem

444 3777 561 3849 augeat.
578 3769 781 3843 consulibus,
797 3768 1052 3852 senatoribusque
1072 3778 1103 3834 et
1125 3773 1268 3835 omnibus
1284 3772 1390 3855 populi
1406 3790 1474 3837 mu·

445 3874 545 3953 gistris
561 3891 633 3954 quae
648 3873 807 3936 utilissima
822 3880 945 3936 censeat
962 3892 1029 3936 esse
1043 3874 1082 3937 ad
1097 3874 1476 3956 gubernandum'consilia

445 3976 641 4040 commendat
657 4004 664 4038 t
680 3975 893 4039 liberalitatem
914 3977 1044 4057 extollit;
1070 3979 1253 4062 hospitium,
1282 3981 1475 4061 clientelam,

444 4081 523 4145 dona
536 4081 701 4162 collaudat,
716 4081 932 4145 abstinentiam
943 4084 1075 4148 Africani
1085 4087 1116 4148 in
1131 4087 1283 4151 thesauris
1294 4086 1474 4169 reipublicae

478 4293 513 4361 (r)
529 4293 771 4358 moramur.
