3500 5317
751 613 913 675 ..29-

310 741 468 823 quodiam
484 742 599 823 spretis
621 741 730 824 patriae
748 742 824 821 diis,
846 766 859 800 r
880 758 987 804 omnes
1003 740 1034 803 in
1049 740 1165 805 alienas
1182 740 1347 825 religiones,

309 846 458 927 ruebant,
487 856 519 909 et
542 846 693 928 quidquid
719 866 757 910 ex
784 848 914 929 AEgypto
936 846 1069 927 Asiaque
1096 848 1339 929 impurissimum

308 953 511 1032 afferebatur,
540 954 798 1016 consectabantur
830 955 882 1031 (l).
914 976 926 1009 o
956 954 1034 1015 Num
1061 960 1201 1020 auctores
1226 953 1340 1017 habere

308 1063 428 1136 poterat
455 1056 649 1138 philosophos
678 1056 768 1134 istos,
797 1056 850 1136 qui
879 1054 970 1133 deos,
996 1057 1147 1128 animam,
1168 1056 1284 1119 bonum
1310 1065 1340 1119 et

309 1160 470 1223 honestum
488 1160 657 1243 negabant,
683 1169 776 1241 atquc
791 1160 869 1223 duce
886 1162 1032 1242 Epicuro,
1055 1162 1156 1223 omnia
1173 1162 1213 1225 ad
1228 1162 1338 1244 votop-
1435 1245 1437 1253 ,

308 1272 403 1328 tatem
421 1267 581 1329 referenda
593 1266 792 1347 judicabant‘l

347 1372 505 1451 Attamen,
522 1372 644 1453 ingenio
659 1372 834 1434 acutissimo
846 1370 1016 1452 praeditus,
1033 1372 1148 1434 nullam
1166 1372 1338 1455 rempubli-

306 1467 374 1538 cam
393 1494 494 1556 neque
512 1476 629 1538 restitui
647 1494 735 1556 posse
751 1476 946 1557 opinabatur,
959 1495 1059 1557 neque
1073 1477 1192 1555 vivere,
1209 1477 1337 1541 sublatis

283 1660 288 1667 .
307 1580 453 1641 moribus.
474 1581 507 1640 ln
526 1581 608 1641 omni
625 1581 767 1642 societate
779 1630 785 1657 ,
797 1582 890 1643 etiam
903 1580 1099 1659 animalium,
1114 1582 1165 1661 jus
1181 1581 1335 1662 quoddam

307 1684 432 1746 insitum
462 1684 593 1747 existere
626 1686 835 1758 discernebat,
860 1685 937 1749 adeo
968 1684 1175 1749 necessarium
1208 1696 1253 1764 ut,
1279 1689 1337 1751 isto

306 1789 481 1869 deficiente,
493 1791 620 1853 societas
631 1810 754 1872 quoque
769 1792 869 1852 omnis
883 1790 1036 1853 deficeret.
1058 1793 1095 1851 Et
1119 1810 1215 1872 quum
1234 1812 1335 1874 neque

306 1894 364 1957 deo
402 1896 482 1975 ullo,
500 1915 601 1977 neque
629 1896 689 1959 ulla
715 1896 859 1978 religione
888 1896 995 1959 fulcire
1033 1898 1158 1959 moralia
1183 1906 1335 1981 praccepta

305 2007 422 2082 posset,
446 2019 606 2081 quumque
629 2002 751 2063 animus
773 2010 875 2066 tamen
903 2002 986 2081 ejus,
1006 2001 1104 2065 bonus
1120 2010 1150 2063 et
1175 2004 1333 2085 egregius,

305 2122 323 2164 a
359 2104 538 2185 voluptariis
564 2105 701 2166 moribus
733 2105 962 2185 sceleribusque
987 2105 1121 2185 indignis
1145 2105 1332 2180 abhorreret,

304 2207 344 2270 ad
360 2212 486 2271 stoicam
502 2209 695 2292 disciplinam
721 2229 755 2271 se
779 2210 948 2290 convertit,
971 2228 1042 2291 quae
1057 2209 1119 2271 sola
1137 2230 1174 2272 ex
1194 2211 1336 2274 omnibus

304 2312 394 2373 sectis
404 2330 481 2392 quas
490 2313 659 2381 socraticus
673 2314 740 2374 fons
753 2312 865 2390 alebat,
881 2311 918 2374 de
929 2314 989 2373 Deo
1001 2312 1126 2393 quidem
1139 2320 1231 2393 atquo
1243 2314 1334 2375 etiam

305 2414 343 2477 de
353 2416 581 2478 immortalitate
594 2417 768 2478 animarum
781 2417 1007 2495 obmutescens,
1019 2435 1111 2497 puros
1123 2425 1226 2479 tamen
1238 2435 1336 2480 mores

305 2521 506 2602 praedicabat,
525 2531 557 2584 et
573 2523 718 2585 virtutem
742 2524 829 2603 quasi
847 2524 973 2585 unicum
990 2522 1106 2583 homini
1124 2522 1216 2583 linem
1235 2531 1336 2585 osten-

305 2625 409 2688 debat.

344 2732 376 2792 si
393 2732 462 2813 quis
479 2739 582 2795 antem
610 2732 730 2794 dubitet
755 2750 822 2794 eam
839 2732 936 2794 Tullio
956 2732 1048 2793 tuisse
1063 2750 1185 2793 causam
1210 2751 1265 2794 cur
1281 2731 1336 2794 hos

302 2835 398 2897 libros
415 2836 643 2915 conscriberet,
662 2838 694 2898 in
714 2836 829 2918 quibus
844 2854 1003 2917 nunquam
1022 2835 1060 2897 de
1076 2835 1135 2897 diis
1151 2843 1203 2897 aut
1220 2835 1258 2898 de
1273 2838 1335 2899 Deo

304 2943 435 3025 quodam
454 2944 640 3006 mentionem
653 2946 768 3023 iecerit,
787 2946 846 3007 nisi
864 2964 915 3006 eos
927 2944 1004 3006 albis
1018 2944 1162 3006 dentibus
1174 2943 1332 3021 deridens;

303 3052 335 3112 in
347 3051 466 3132 ¹quibus
478 3071 637 3133 nunquam
665 3053 829 3115 animama
846 3072 972 3133 corpore
990 3052 1164 3114 distinctam
1180 3071 1245 3114 esse
1263 3071 1334 3134 prc-

304 3158 400 3219 iessus
425 3158 477 3235 sit;
496 3159 528 3219 in
543 3157 657 3238 quibus
669 3176 828 3238 nunquam
847 3160 919 3219 vilae
935 3159 1156 3238 cujuscumque
1170 3164 1237 3238 post
1255 3177 1336 3220 mor-

305 3269 366 3324 tem
379 3263 490 3324 luturae
500 3270 648 3344 spemaut
661 3264 752 3325 etiam
764 3264 937 3345 opinionem
946 3263 1183 3341 memoraritlbl,
1194 3262 1337 3324 dubitan-

304 3367 386 3429 tibus
399 3367 455 3429 hoc
468 3386 564 3430 unum
575 3367 833 3429 considerandum
847 3366 1289 3445 ostendo,scilicetCiceronem
1303 3368 1334 3428 in

303 3470 447 3533 omnibus
457 3471 579 3552 scriptis
593 3471 811 3553 philosophicis
824 3480 877 3533 aut
895 3472 985 3533 ctiam
1000 3470 1180 3544 forensibus,
1199 3488 1336 3552 pcrsaepe

303 3573 342 3637 de
360 3578 421 3637 vita
438 3577 615 3655 immortali,
632 3578 671 3639 de
687 3578 787 3659 poenis
804 3584 872 3658 post
888 3584 1017 3638 mortem
1033 3583 1063 3638 et
1078 3576 1195 3657 gaudiis
1210 3576 1333 3655 divinis,
1406 3649 1410 3655 .

303 3682 342 3745 de
359 3686 420 3745 Deo
437 3696 609 3765 naturaque
621 3684 749 3746 deorum
762 3684 951 3745 tractavisse.
970 3682 1044 3755 Quis
1060 3684 1141 3744 enim
1156 3684 1335 3746 nesciteum

303 3790 464 3869 magnifice
480 3790 701 3871 proclamasse,
723 3815 736 3847 o
758 3799 894 3854 mentem
924 3789 1075 3868 bominis,
1101 3790 1243 3869 quamvis
1268 3809 1336 3851 eam

303 3910 363 3953 non
380 3894 500 3973 videas,
517 3903 551 3956 ut
573 3897 668 3957 Deum
695 3914 755 3956 non
786 3894 890 3972 vides,
911 3900 1013 3956 tamen
1035 3902 1069 3955 ut
1084 3894 1181 3955 Deum
1199 3895 1337 3975 agnoscis

302 4000 500 4082 exoperibus
525 4002 609 4083 ejus,
629 4004 673 4064 sic
690 4022 726 4064 ea·
747 4002 895 4064 memoria
911 4018 1033 4078 rerum,
1047 4006 1077 4062 et
1092 4000 1288 4081 inventione,
1306 4010 1336 4064 et

335 4243 369 4308 (1)
384 4242 451 4295 c.-l.
464 4242 557 4308 Benctt,
571 4242 695 4296 Htrtortco
707 4243 737 4295 de
748 4242 782 4298 ll.
797 4244 825 4295 Τ.
838 4239 962 4296 Glceroalr
975 4238 1068 4306 orreo
1078 4240 1266 4304 commentatio,
1279 4240 1297 4293 l.

333 4330 368 4395 (2)
384 4331 437 4381 lieo
448 4331 477 4382 ad
487 4330 557 4382 libros
570 4332 600 4382 de
613 4329 708 4394 Officlta
719 4335 806 4383 uatum
817 4329 951 4381 reiemntur.
