3500 5317
609 1043 763 1127 CAPUT
792 1046 1024 1130 TERTIUM.

305 1317 455 1381 Quibus
476 1315 720 1377 tempor-thus
740 1321 782 1364 et
801 1329 879 1377 quar
894 1282 1164 1369 menteltbros
1187 1318 1218 1370 da
1236 1318 1336 1389 Officiis

592 1411 878 1473 conscripserit
892 1414 1059 1463 Tullius.
1183 1398 1185 1413 ¹

346 1687 406 1761 Qui
432 1688 467 1747 fit
482 1705 554 1768 ergo
571 1693 624 1765 ut,
643 1687 675 1748 in
696 1685 754 1747 hoc
778 1704 924 1766 supremo
940 1686 1069 1750 Tulliani
1094 1690 1208 1770 ingenii
1223 1709 1334 1771 opere,

306 1791 350 1853 nil
366 1791 405 1854 da
421 1793 502 1869 Deo,
518 1791 560 1852 nil
578 1790 616 1852 de
638 1791 697 1853 vita
717 1790 833 1861 iutura,
859 1790 901 1851 nil
916 1791 1008 1853 etiarn
1025 1792 1063 1855 de
1081 1792 1184 1855 divina
1201 1793 1334 1855 hominis

306 1897 423 1977 origine
447 1903 650 1958 memoratum
676 1894 894 1956 inveniamus?
920 1896 978 1968 Qui
1004 1896 1093 1978 fitut
1112 1897 1263 1977 exquisita
1284 1895 1335 1957 itta

306 2000 475 2063 officiorum
501 2000 650 2062 institutio
667 2007 698 2061 et
720 1999 880 2081 principiis
905 2006 935 2061 et
961 2001 1117 2063 sanctione
1141 2002 1264 2063 omnino
1281 2020 1335 2063 ca-

307 2114 373 2170 reat
387 2108 401 2167 ‘i

346 2213 448 2286 Quum
475 2211 531 2273 hos
559 2208 653 2271 libros
671 2208 785 2272 Tullius
801 2208 938 2271 Ciceroni
960 2226 1015 2272 suo
1034 2208 1168 2292 Cratippi
1186 2209 1336 2292 discipulo

306 2318 442 2379 mitteret
453 2315 599 2392 Athenas,
615 2322 690 2376 tuno
701 2312 888 2375 difficillime
897 2320 1069 2395 temporum
1081 2313 1249 2396 angustiae,
1263 2322 1336 2377 tunc

187 2484 191 2489 .
308 2424 480 2486 tristissima
493 2423 632 2484 omnium
647 2440 752 2483 rerum
762 2420 916 2499 confusio,
934 2428 1007 2483 tunc
1020 2420 1155 2502 dejure,
1171 2421 1210 2484 de
1225 2422 1332 2504 patria,

307 2528 345 2591 de
372 2528 504 2605 virtute,
522 2527 562 2590 de
577 2526 637 2588 diis
660 2525 810 2588 dubitatio
826 2525 1043 2588 infaustissime
1071 2544 1136 2588 ram
1166 2525 1335 2606 orbemque

305 2652 467 2697 romanum
484 2633 641 2695 invaserat
657 2658 664 2693 ε

461 2840 547 2907 Quippe
559 2840 596 2891 ubi
607 2839 642 2891 tas
653 2852 744 2891 versum
755 2843 822 2903 atque
833 2839 911 2901 nciam
924 2843 958 2893 tot
969 2840 1026 2893 betta
1036 2854 1077 2907 per
1089 2840 1180 2903 orbem,

460 2929 516 2979 Tam
528 2928 604 2980 motta
617 2928 727 2980 scelerum
737 2927 807 2979 iacies
819 2927 882 2993 (t)...

307 3149 389 3225 Quid
413 3164 579 3211 memorem
606 3166 678 3228 quae
705 3146 737 3211 C
761 3145 922 3209 Sallustius
948 3145 987 3209 de
1014 3145 1151 3208 moribus
1180 3144 1336 3223 romanis,
1361 3216 1363 3221 ,

306 3258 345 3322 da
361 3263 504 3337 corrupta
520 3255 659 3333 civitate,
678 3254 716 3316 de
733 3254 861 3317 avaritia
887 3261 918 3316 et
933 3255 1089 3335 impietate
1115 3254 1229 3316 civium
1246 3259 1334 3315 retu-

308 3364 398 3442 lerit,
430 3380 491 3443 quo
528 3367 666 3441 tempore
694 3360 935 3439 conjurationem
970 3359 1002 3419 in
1038 3357 1148 3421 umbra
1178 3356 1338 3419 moliretur

308 3462 459 3541 Catilina,
491 3460 667 3541 Tulliusque
692 3461 866 3539 civitatem,
901 3459 1010 3522 urbem
1037 3467 1067 3522 at
1094 3458 1200 3522 orbern
1227 3457 1337 3539 capitis

309 3569 444 3661 periculo
458 3587 583 3633 servare
594 3568 723 3631 auderet
741 3568 806 3645 (ΞΠ

495 3776 679 3841 infortunatam
691 3781 767 3830 natam
780 3782 803 3830 ta
814 3776 906 3831 consula
917 3777 1026 3830 Roman!

307 3969 393 4032 Nulia
406 3969 534 4033 deorum
543 3970 630 4052 fides,
641 3971 1001 4053 nullajurisreverentia,
1009 3970 1111 4035 nuilus
1122 3987 1208 4031 amor
1216 3967 1334 4052 patriae.

339 4234 373 4300 (1)
390 4233 507 4301 Tutilius,
521 4234 618 4301 (icore,
630 4235 654 4299 l,
666 4234 722 4287 505.

338 4322 375 4390 (2)
391 4321 524 4387 Sainstins,
536 4322 621 4386 Cotti,
633 4322 655 4375 x
665 4327 689 4375 et
700 4336 749 4394 seq.
