3500 5317
890 650 1051 713 -m-
1152 730 1153 733 Ν

453 794 573 850 veteres
597 785 812 867 disputarunt,
828 758 1029 865 qbaestionem
1046 788 1098 844 τῶν
1119 786 1201 844 τελῶν
1224 782 1383 865 explorare
1399 781 1476 845 lieet.

452 892 484 953 Si
501 892 599 954 Deum
614 908 681 953 esse
697 890 847 971 optimum
870 889 1060 963 maximnm,
1081 888 1155 948 vitre
1170 894 1202 949 et
1217 886 1291 969 legis
1307 896 1480 965 auctorem,

451 996 660 1077 profiteberis,
680 997 732 1077 qui
751 1014 807 1058 nos
826 994 1014 1057 immortales
1036 994 1074 1056 ad
1092 994 1185 1057 finem
1202 994 1366 1075 quemdam
1381 993 1482 1059 subli-

452 1120 533 1163 mem
558 1102 738 1188 destinarit‚
758 1109 832 1163 tune
860 1101 932 1161 mihi
962 1100 1036 1163 utile
1063 1100 1122 1161 erit
1145 1107 1288 1163 naturam
1316 1100 1481 1165 observare

452 1224 571 1282 meam;
587 1214 661 1267 tune
677 1207 709 1266 in
725 1206 791 1287 lege
814 1204 961 1283 eolenda,
986 1206 1019 1266 in
1044 1204 1204 1268 honestate
1226 1205 1371 1267 omnibus
1388 1204 1481 1267 rebus

450 1318 481 1373 et
506 1311 565 1392 ipsi
582 1304 650 1373 vilae
671 1311 903 1390 antehabenda‚
920 1329 1073 1373 summam
1091 1311 1255 1375 utilitatem
1272 1319 1302 1375 et
1322 1330 1480 1375 summum

413 1419 417 1425 ’
449 1436 553 1480 meum
569 1419 662 1480 linem
677 1419 845 1480 inveniam.
866 1420 942 1493 Quae
956 1426 1060 1481 autem
1082 1418 1197 1481 utilitas
1219 1437 1285 1481 esse
1299 1424 1398 1499 potest
1415 1418 1479 1497 illi,

450 1525 503 1605 qni
525 1525 640 1586 neseiat
655 1531 686 1585 et
711 1542 771 1603 qno
797 1531 920 1585 anetore
945 1532 1089 1603 atquem
1115 1523 1264 1585 adfinem
1290 1524 1480 1585 vivattlleo

446 1628 589 1706 absente,
615 1629 842 1690 immortalitate
870 1636 994 1708 negata,
1022 1632 1070 1704 (et
1086 1629 1200 1709 saepius
1216 1627 1478 1693 immortalitatem

449 1734 536 1814 quasi
560 1734 660 1795 fictam
683 1732 815 1795 fabulam
835 1732 965 1794 aTullio
988 1734 1130 1813 rejectam
1147 1732 1306 1809 videmus)
1328 1735 1368 1812 (l)
1383 1782 1390 1810 ,
1407 1732 1481 1814 quis

446 1838 510 1917 jam
530 1846 576 1899 est
603 1838 691 1914 finis,
711 1838 794 1917 quod
816 1844 862 1899 est
890 1837 1027 1899 bonum‘l
1047 1838 1153 1899 Nonne
1183 1839 1257 1899 mihi
1273 1838 1343 1900 lieet
1359 1838 1477 1901 bonum
1501 1888 1505 1899 .

449 1942 603 2023 quoddam
620 1946 777 2025 proprium
795 1952 825 2005 et
843 1944 947 2005 fiotum
965 1962 1135 2024 proponere
1157 1962 1192 2005 ae
1214 1924 1377 2025 persequi?
1392 1944 1480 2005 Atta-

451 2067 521 2111 men
547 2050 629 2110 hune
656 2050 749 2111 finem
774 2057 804 2111 et
830 2050 910 2110 hano
931 2049 1091 2111 utilitatem
1116 2048 1193 2111 adeo
1219 2050 1366 2130 imposuit
1389 2048 1479 2111 nobis

446 2156 543 2234 Deus,
562 2165 612 2234 ut,
634 2158 726 2218 etiam
751 2158 849 2217 Deum
872 2156 1064 2236 ignorantes,
1091 2156 1156 2217 baee
1173 2164 1276 2218 tamen
1299 2156 1332 2217 in
1364 2154 1478 2237 gaudie

445 2260 496 2321 illo
516 2262 605 2322 tacito
622 2269 652 2323 et
674 2281 749 2342 pura
772 2260 927 2341 voluptate
948 2261 1060 2321 conscii
1086 2279 1150 2322 suae
1167 2260 1288 2322 virtutis
1305 2261 1422 2337 animi,
1443 2268 1479 2321 ut

445 2366 601 2428 Tullianus
617 2368 761 2447 Regulus,
783 2366 990 2427 inveniamus.
1010 2366 1070 2427 Sed
1085 2386 1141 2428 aur
1157 2366 1254 2429 Tullio
1271 2366 1398 2429 Catilina
1411 2384 1477 2427 neu

446 2470 638 2551 responderit
653 2490 686 2532 se
704 2472 795 2532 linem
811 2478 841 2532 et
851 2471 1032 2548 utilitatem,
1051 2478 1081 2532 et
1098 2472 1218 2533 conseia
1237 2472 1348 2533 mentis
1365 2470 1476 2552 gaudia

444 2578 476 2638 in
492 2577 575 2638 omni
589 2577 702 2639 scelere
717 2576 954 2656 etturpitudine
971 2583 1001 2637 et
1016 2574 1150 2657 indignis
1171 2576 1357 2639 facinoribus
1384 2578 1475 2639 inve-

447 2682 555 2746 nisset
646 2730 649 2739 .

484 2896 545 2958 Neo
571 2895 678 2976 plura.'
697 2896 776 2957 Sane
803 2895 929 2975 quidem
955 2894 1160 2989 temporibus,
1190 2904 1224 2958 ut
1237 2898 1300 2976 jam
1318 2894 1472 2975 diximus,

442 2998 534 3073 diris,
553 2999 686 3076 Tullius,
705 3018 801 3080 quum
819 2999 954 3061 nubibus
971 3000 1088 3062 insanae
1106 3000 1259 3082 religionis
1275 3000 1471 3063 obscuratam

437 3083 498 3168 bei
521 3113 666 3167 naturam
690 3113 721 3167 et
737 3105 892 3167 notionem
915 3104 1051 3185 videret,
1070 3124 1196 3187 sperare
1217 3106 1316 3187 potuit
1342 3105 1473 3186 seleges

441 3210 608 3272 officiorum
625 3229 642 3271 e
659 3216 767 3271 natura
783 3218 902 3271 tantum
918 3228 1135 3293 expressurum
1150 3228 1229 3284 esse,
1249 3218 1472 3290 contentusque

442 3316 510 3395 tuit,
527 3316 552 3377 si
571 3314 749 3395 legis'hujus
766 3314 1005 3395 qualiscumque
1016 3315 1273 3397 qualemcumque
1287 3316 1475 3378 sanationem

440 3420 473 3482 in
494 3421 611 3481 ineerta
626 3418 756 3480 utilitate
770 3426 975 3499 =prap0neret
1005 3418 1128 3482 Talibus
1147 3428 1250 3482 autem
1277 3419 1368 3482 hodie
1387 3418 1476 3481 nobis

440 3529 591 3616 contentis
605 3546 671 3590 esse
692 3547 753 3589 non
773 3527 852 3589 licet.
875 3529 987 3590 Natura
1005 3526 1084 3588 male
1106 3527 1249 3607 definita,
1267 3528 1355 3607 cujus
1371 3544 1475 3606 neque

440 3639 542 3719 origo,
565 3656 666 3717 neque
691 3637 779 3716 finis,
805 3656 906 3717 neque
928 3636 988 3698 ulla
1010 3635 1135 3699 facultas
1152 3636 1223 3697 satis
1240 3634 1473 3709 determinatur,

439 3742 553 3804 nullam
572 3742 686 3823 legem,
709 3742 768 3803 nisi
791 3742 940 3803 ineerlam
959 3748 1103 3821 et-prope
1127 3738 1474 3819 inutilem,2preducere

438 3856 468 3910 et
483 3848 588 3909 fulcire
601 3847 681 3909 valet
695 3846 821 3909 Tullius.
846 3850 948 3921 Quum
964 3846 1002 3908 de
1024 3847 1085 3907 Deo
1101 3853 1238 3907 creatore
1253 3852 1283 3907 et
1299 3842 1472 3924 legislatore

435 3953 609 4028 obmuluit,
636 3971 759 4015 emnem
788 3953 850 4012 vim
877 3969 1062 4031 omnemque
1087 3950 1299 4012 anctoritatem
1330 3945 1461 4009 naturali

435 4078 556 4121 morum
573 4059 755 4121 institutioni
773 4058 909 4120 abstulit.
939 4057 1039 4137 Atque
1064 4056 1106 4118 illi
1139 4057 1192 4137 qui
1217 4054 1346 4117 Tullium
1373 4050 1462 4114 hodie

466 4306 499 4370 (l)
517 4303 587 4355 Tusa.
602 4302 702 4368 Quoest„
716 4303 739 4365 l,
751 4302 774 4365 5,
786 4303 809 4361 6,
820 4301 845 4363 8,
859 4301 898 4364 16,
911 4301 950 4364 al,
964 4301 1003 4364 32,
1014 4299 1054 4363 3l,
1065 4299 1104 4363 ³6,
1116 4305 1170 4360 eto.;
1182 4301 1217 4351 De
1227 4298 1286 4353 Not.
1302 4296 1387 4359 ileon,
1399 4294 1429 4360 ΙΙ,
1442 4297 1456 4369 2

434 4392 484 4446 Pro
497 4391 606 4452 Cleant,
617 4389 644 4438 61
658 4408 664 4448 ;
679 4388 757 4454 Epist.
773 4389 875 4449 adello,
886 4388 929 4449 Vl,
941 4388 970 4447 33
984 4388 1018 4437 [le
1028 4388 1132 4446 scatet,
1150 4388 1188 4447 19,
1206 4391 1250 4437 ele.
