3500 5317
724 627 951 725 -ta—'

287 811 482 885 sequuntur,
507 808 560 865 aut
579 816 679 861 mores
706 802 738 859 et
757 796 854 857 olficia
879 792 1004 857 omnino
1033 793 1198 876 abrogant,
1223 794 1249 857 si
1265 812 1322 858 na·

290 919 395 974 turam·
413 909 508 973 solam
526 909 593 971 siue
619 908 681 968 Deo
698 912 818 967 uaturee
841 909 965 965 auctore
982 902 1146 977 invocant,
1175 909 1206 965 et
1221 900 1322 984 legem

290 1032 401 1078 vanam
418 1015 485 1077 sine
497 1011 668 1094 legislatore
679 1016 711 1071 et
723 1010 790 1072 siue
806 1008 964 1071 sanctione
980 1007 1155 1088 proterunt3
1168 1013 1221 1069 aut
1235 1013 1323 1088 quasi

289 1120 478 1183 substratum
490 1119 561 1181 huic
572 1124 692 1180 naturae
706 1118 803 1178 Deum
818 1114 1003 1197 accipientes
1016 1114 1104 1203 inscii
1120 1123 1321 1197 venerantur,

290 1234 321 1288 et
340 1225 447 1288 eadem
466 1232 569 1287 mente
589 1221 793 1305 impelluntur
813 1240 874 1301 qua
899 1238 1006 1282 omnes
1029 1219 1200 1303 philosophi
1223 1221 1323 1285 chris-

289 1332 380 1405 tiani,
400 1332 452 1412 qui
475 1331 569 1392 libros
592 1329 626 1391 dc
643 1327 752 1409 Offiei‘e
776 1325 1183 1408 legentesotadmirantes,
1200 1346 1325 1409 semper

219 1469 224 1480 ·
291 1435 428 1497 divinam
451 1434 617 1515 quamdam
635 1432 690 1494 Dei
712 1432 866 1493 notionem
885 1431 917 1492 in
936 1438 1037 1493 mente
1057 1430 1234 1493 hahuerunt
1248 1431 1324 1495 adeo

291 1541 446 1621 vigentem
461 1584 470 1618 ,
488 1545 523 1601 ut
550 1555 710 1619 nunqnam
733 1536 861 1598 istorum
881 1534 1052 1616 officiorum
1075 1535 1267 1617 fragilitatem
1292 1544 1323 1599 et

292 1644 473 1707 inanitatem
491 1642 717 1725 perspexerint.

330 1853 447 1916 Nostris
473 1851 679 1933 temporibus,
709 1850 791 1912 notio
809 1868 880 1913 vcra
901 1856 931 1912 et
948 1850 1117 1913 christiana
1145 1851 1200 1913 Dei
1216 1870 1324 1916 omnes

288 1959 407 2021 animos
433 1958 555 2039 penitus
583 1956 660 2019 adeo
684 1955 875 2038 penetravit,
900 1964 934 2018 ut
957 1955 1074 2019 facilius
1099 1956 1182 2039 huuc
1198 1958 1324 2038 Deum,

288 2062 379 2143 quasi
394 2062 529 2124 inlusum
557 2060 646 2123 nohis
671 2060 830 2133 omnihus,
853 2060 1012 2142 loquentes
1037 2068 1091 2123 aut
1108 2062 1325 2126 ratiocinantes

289 2168 380 2229 tacita
396 2167 530 2249 quadam
547 2167 751 2229 conventione
775 2173 827 2228 aut
843 2164 977 2229 ludibrio
1003 2160 1114 2233 mentis
1127 2168 1320 2231 omittamus.

283 2275 360 2347 ‹Quo
375 2274 581 2355 frequentiore
590 2272 672 2354 apud
681 2271 875 2355 philosophos
890 2274 1327 2356 nostrosorroreoomprobari
1428 2298 1431 2303 ·

291 2397 402 2441 censeo
419 2387 535 2459 quanto
550 2379 642 2441 altius
659 2379 865 2459 invictinsque
887 2379 919 2440 in
937 2379 1092 2442 urentibus
1103 2380 1326 2461 etiam'impiis

294 2484 361 2547 reri
380 2485 440 2546 hei
457 2482 535 2546 fides
556 2485 728 2546 inveterata
745 2485 866 2565 ligatur.
884 2484 978 2564 Cujus
999 2484 1066 2546 sine
1083 2487 1224 2564 no'tiouc,
1244 2486 1327 2548 nulla

282 2578 356 2658 'iam
373 2582 538 2661 honestas,
553 2581 636 2667 nulla
659 2581 789 2655 veritas,
808 2578 891 2643 nulla
906 2580 1118 2663 pulchritudo,
1136 2583 1219 2655 malla
1234 2585 1327 2647 etiam

295 2688 334 2751 de
349 2690 482 2773 ¹animis,
506 2689 645 2767 devita,
662 2688 702 2751 de
725 2694 834 2750 natura
853 2694 956 2751 nostra
974 2690 1084 2752 certior
1100 2689 1238 2753 doctrina
1251 2690 1329 2754 defi·

291 2796 482 2876 uiri,potest;
500 2804 531 2859 et
544 2796 572 2859 si
588 2796 673 2859 hunc
688 2794 898 2857 necessarium
916 2814 998 2859 verae
1015 2796 1329 2879 probandaequephi-

293 2901 440 2982 losephiee
465 2904 577 2965 iontem
603 2901 792 2985 neglexeris,
816 2901 917 2964 omnis
940 2908 971 2963 et
995 2920 1116 2966 morum
1132 2909 1163 2965 ot
1179 2902 1327 2964 doctrinae

295 3004 408 3069 llurius
423 3008 511 3087 quasi
526 3007 693 3070 exhaustus
709 3014 884 3069 evanescet.

763 3260 868 3323 FINlS.

817 3568 880 3621 Vidi
893 3586 924 3623 ac
938 3572 1050 3637 perlegi:

535 3682 646 3735 Lutetiae
659 3683 822 3737 Parisiorum
839 3687 867 3736 in
881 3686 1012 3745 Cortona,
1027 3703 1050 3736 a.
1066 3687 1092 3736 d.
1108 3702 1144 3737 xv
1158 3688 1208 3739 kal.
1224 3694 1290 3754 sept.

768 3768 828 3825 anu.
845 3775 872 3825 M
887 3773 971 3826 DCCC
985 3774 1102 3835 LXVII,

490 3888 632 3943 Facultntis
645 3891 802 3943 Litterarum
816 3893 844 3942 in
857 3891 1000 3943 Academia
1013 3891 1155 3943 Parisiensi
1170 3892 1306 3952 Dccauus,

993 4008 1113 4061 PATIN.

395 4139 479 4209 'lypis
501 4142 662 4194 mandetur:

303 4255 444 4309 Academia
457 4259 616 4310 Parisiensis
630 4258 732 4316 flector,

409 4369 442 4418 Α.
460 4368 632 4422 MOURIER.
