3500 5317
610 1098 766 1187 CAPUT
799 1102 1047 1199 QUARTUM.

315 1377 412 1427 llaec
430 1375 611 1425 doctrina
628 1374 781 1444 officiorum
795 1376 973 1425 breviter·
984 1376 1209 1431 aestimatur·
1222 1383 1343 1442 atque

726 1472 939 1524 refutatur.

355 1724 419 1783 ltux
434 1721 481 1783 bis
493 1720 600 1783 decem
617 1721 718 1784 secula
733 1724 886 1785 Ciceronis
901 1722 1007 1786 laudes
1026 1724 1226 1799 confirmant;
1241 1743 1342 1806 neque

315 1826 389 1888 mibi
411 1826 443 1886 in
466 1828 569 1887 animo
587 1835 633 1889 est
647 1827 703 1888 boc
716 1828 803 1909 quasi
818 1826 1022 1890 decretorium
1036 1836 1066 1891 et
1080 1838 1231 1892 aetornum
1248 1829 1341 1891 abro-

314 1945 386 2008 gare
400 1926 561 2007 judicium.
580 1928 715 1989 Forsitan
742 1935 773 1990 et
799 1929 944 1991 audacior
966 1930 1083 2009 videar,
1101 1932 1126 1992 si
1148 1932 1178 1992 in
1197 1931 1248 1993 illa
1262 1932 1342 1995 Cice

315 2033 398 2095 ronis
429 2050 558 2114 persona
588 2032 762 2095 discernere
788 2034 879 2096 velim
911 2035 1121 2117 philosophum
1150 2035 1190 2098 ab
1221 2044 1341 2099 oratore

313 2156 449 2218 summo,
464 2138 641 2218 ascriptore
651 2157 712 2199 non
726 2138 878 2217 imitabili,
896 2138 936 2201 ab
952 2139 1003 2201 illo
1024 2138 1158 2221 denique
1172 2140 1246 2203 artis
1262 2140 1341 2203 litte·

311 2244 402 2305 rariae
421 2250 557 2305 amatore
572 2251 602 2304 et
617 2242 743 2321 artifice,
758 2244 811 2323 qui
828 2243 966 2306 divinam
988 2262 1067 2326 pene
1083 2244 1228 2325 loquendi
1242 2246 1339 2307 ratio-

312 2367 383 2409 nem
406 2347 447 2410 ad
473 2366 541 2410 eam
565 2349 780 2428 perfectionem
810 2348 934 2428 extulit,
966 2367 1173 2428 quemnemo
1201 2368 1339 2431 unquam
1375 2430 1377 2433 Ι

313 2469 413 2533 neque
426 2469 573 2533 superare
590 2451 712 2532 poterit,
732 2470 833 2533 neque
846 2453 920 2515 satis
935 2452 1082 2515 aemulari.
1102 2454 1178 2515 Item
1194 2461 1225 2516 et
1238 2454 1338 2535 pbilo-

312 2559 435 2640 oopbom
443 2557 574 2620 Tullium
590 2576 608 2619 a
623 2558 691 2620 cive
707 2576 830 2639 qnoque
847 2558 1022 2621 discernere
1033 2558 1142 2633 velim,
1157 2578 1218 2641 quo
1235 2559 1338 2623 nullus

310 2682 447 2746 unquam
462 2682 563 2745 neque
576 2663 692 2743 melior,
710 2682 812 2745 noque
823 2664 931 2745 patriae
947 2664 1098 2726 amantior
1114 2710 1123 2744 ,
1151 2683 1253 2746 neque
1269 2665 1336 2727 vir-

310 2772 383 2833 tutis
405 2769 567 2831 studiosior
583 2769 767 2832 invenietur.
784 2771 847 2849 lta,
870 2775 906 2831 ut
922 2768 1063 2849 exemplo
1078 2776 1158 2848 utar,
1177 2769 1209 2830 in
1227 2770 1336 2832 statuis

310 2871 504 2954 perficiendis
520 2873 622 2935 nullus
638 2891 774 2954 unquam
792 2874 900 2935 artifex
916 2871 1051 2935 Phidiam
1065 2872 1233 2956 superabit.
1251 2873 1339 2935 Atta·

312 2994 382 3039 men
396 2978 421 3037 si
433 2978 651 3039 recentioribus
664 2978 819 3059 bujnsaevi
831 2978 1035 3060 sculptoribus
1047 2976 1275 3059 desperandum
1292 2984 1338 3040 est

307 3083 457 3164 perfectas
468 3082 600 3146 hominis
614 3084 726 3145 formas
736 3084 844 3164 purius
858 3101 1011 3145 marmore
1021 3090 1074 3145 aut
1091 3082 1211 3146 metallo
1228 3083 1337 3165 expri-

311 3201 406 3262 mere,
423 3204 484 3246 uon
501 3184 574 3248 inde
590 3186 624 3247 fit
637 3192 671 3247 nt
687 3186 740 3267 qui
754 3185 844 3248 bodie
860 3186 1040 3249 anatomicos
1054 3184 1220 3264 studeant,
1246 3203 1339 3247 accu-

311 3288 425 3352 mulata
438 3290 619 3353 saeculorum
638 3291 825 3371 experientia
839 3290 944 3370 ditati,
964 3307 1025 3351 non
1046 3289 1205 3352 scientia·
1220 3307 1334 3370 quam·

310 3394 381 3456 dam
404 3396 539 3477 corporis
565 3403 596 3457 et
622 3396 728 3458 formae
752 3395 883 3458 babeant
906 3395 1072 3473 humanae,
1106 3395 1193 3474 cujus
1217 3394 1337 3456 Phidias

310 3501 521 3565 tantummodo
544 3503 750 3583 lineamenta,
775 3510 806 3565 et
826 3509 861 3564 ut
882 3503 923 3565 ita
948 3502 1048 3564 dicam
1066 3500 1334 3565 adumbrationem

309 3607 494 3688 cognoverit.
519 3607 608 3670 Haud
633 3608 721 3671 aliter
748 3608 881 3689 legitima
908 3606 1037 3669 audacia
1068 3606 1157 3669 nobis
1182 3606 1336 3671 affirmare

307 3710 392 3791 licet,
411 3710 578 3791 quamdam
595 3712 685 3775 bodie
700 3713 878 3793 acquisitam
897 3730 963 3774 esse
984 3711 1153 3774 doctrinam
1170 3710 1209 3773 de
1226 3719 1335 3774 natura

307 3818 419 3881 mentis
445 3825 476 3879 et
497 3818 681 3898 animorum,
700 3818 837 3881 doctrina
853 3816 942 3881 Tullii
965 3817 1126 3879 certiorem
1147 3834 1221 3879 sane
1238 3824 1268 3880 et
1283 3816 1331 3879 al-

307 3921 429 3984 tiorem.

347 4025 487 4101 Homini,
509 4044 571 4088 non
588 4025 676 4089 docto
690 4027 831 4108 quidem,
854 4027 910 4090 sed
927 4026 1037 4110 polito,
1056 4033 1087 4089 et
1104 4044 1122 4087 a
1140 4026 1222 4109 turpi
1238 4033 1331 4107 atquo

309 4129 427 4192 bestiali
444 4131 505 4193 vita
521 4132 553 4193 in
566 4133 889 4214 quamferaequaedam
904 4140 935 4195 et
945 4131 1122 4196 deformatae
1138 4136 1243 4214 gentes
1255 4132 1334 4194 inci-

308 4236 421 4299 derunt
431 4244 567 4318 avocato,
580 4239 660 4301 inest
674 4240 789 4304 incerta
802 4239 943 4323 quaedam
952 4247 983 4302 et
994 4239 1123 4303 obscura
1134 4257 1200 4303 suae
1215 4247 1334 4303 naturae

309 4343 445 4409 scientia.
463 4346 524 4409 Nec
539 4364 573 4409 se
590 4349 801 4413 tantummodo
817 4349 940 4434 ipsum,
956 4354 991 4410 ut
1004 4346 1137 4413 Gartesio
1153 4345 1277 4431 placuit,
1305 4352 1336 4407 et
