3500 5317
849 660 1009 721 „22-

453 797 528 869 Quae
542 800 588 855 est
601 799 704 855 autem
717 790 767 852 illa
783 790 882 868 ratio,
898 806 961 869 qua
978 774 1086 849 natura
1103 788 1247 867 hominis,
1266 805 1282 848 a
1299 796 1449 866 supremo¹
1506 836 1509 849 .

412 902 473 962 Deo
500 904 657 979 generata,
684 901 785 957 cetera
805 893 973 955 animantia
1000 892 1211 973 supereminet
1238 892 1445 954 omnia‘tJam

414 1023 482 1067 cam
511 1001 671 1082 magnifice
693 999 851 1061 definitam
869 998 1064 1075 invenimus,
1083 1015 1179 1077 quum
1196 996 1310 1058 Tullius
1325 993 1446 1076 procla-

412 1115 477 1171 mat
493 1094 572 1167 hanc
586 1122 654 1168 csse
672 1103 821 1166 rationem
841 1127 855 1161 a
873 1120 1027 1164 summam
1048 1102 1089 1179 (t)
1103 1148 1112 1181 ,
1128 1094 1189 1182 qua
1207 1100 1303 1179 nihii,
1320 1099 1444 1160 inomni

413 1214 489 1277 coelo
517 1218 611 1292 atque
641 1219 746 1289 terra,
765 1209 904 1272 divinius
929 1210 982 1287 (2).
1006 1231 1019 1265 o
1039 1211 1110 1270 Haec
1126 1226 1197 1289 ergo
1221 1208 1296 1269 ratio
1312 1205 1446 1269 nonhu·

415 1335 506 1379 mana
531 1321 651 1377 tantum
680 1313 735 1376 dos
756 1312 897 1375 habenda
918 1319 985 1391 est,
1016 1311 1070 1374 sed
1091 1314 1224 1393 perfecta
1250 1311 1392 1393 quaedam
1417 1318 1447 1373 et

412 1429 528 1483 aeterna
545 1419 704 1500 cogitatio,
721 1436 781 1499 qua
803 1420 855 1481 Dei
870 1419 1019 1499 sapientia
1038 1418 1241 1481 constituitur.
1263 1419 1334 1479 Haeo
1346 1417 1446 1478 horni-

413 1540 486 1583 nem
504 1540 521 1583 a
537 1519 643 1583 bestiis
658 1522 734 1582 ratio
751 1520 827 1583 adeo
842 1522 1006 1599 discernit,
1027 1521 1107 1584 utin
1125 1521 1300 1584 homiuibus
1315 1520 1397 1582 nulia
1409 1521 1448 1582 sit

415 1645 490 1707 gons
506 1634 567 1688 tam
585 1627 789 1688 immansueta
805 1646 876 1707 quaa
890 1626 1005 1689 divinae
1020 1627 1112 1707 hujus
1134 1628 1258 1689 rationis
1279 1646 1341 1688 nou
1354 1625 1448 1704 parti-

416 1749 488 1813 ceps
505 1750 570 1793 esse
586 1731 738 1794 videatur,
757 1734 829 1794 Haec
842 1750 913 1813 ergo
931 1734 1007 1794 ratio
1024 1732 1140 1794 homini
1158 1732 1266 1794 tribuit
1281 1730 1446 1812 quamdam

417 1854 488 1897 cum
515 1838 576 1897 Deo
599 1835 832 1898 similitudinem
865 1838 921 1917 (3).
953 1838 1056 1909 Quum
1079 1836 1186 1898 eadem
1212 1836 1304 1914 ratio,
1331 1835 1365 1897 in
1387 1837 1448 1898 Deo

416 1941 542 2022 quidem
573 1942 705 2021 perfecta
730 1949 760 2002 et
785 1942 871 2022 quasi
896 1942 1046 2020 majorum
1067 1942 1222 2021 gentium,
1248 1941 1281 2001 in
1303 1940 1446 2018 homine,

417 2064 602 2127 quamquam
620 2046 707 2125 quasi
720 2046 872 2108 minorum
888 2047 1043 2127 gentium,
1063 2048 1163 2127 reipsa
1176 2047 1231 2124 sit,
1248 2045 1363 2108 homiui
1379 2062 1448 2107 cum

417 2155 479 2214 Deo
495 2160 542 2215 est
560 2177 573 2211 a
592 2154 719 2214 societas
739 2155 794 2230 (i),
812 2154 950 2233 agnatio,
968 2154 1106 2233 cognatio
1122 2154 1174 2233 (5).
1194 2176 1207 2209 o
1280 2230 1283 2235 Δ

456 2256 544 2319 Unde
558 2257 592 2316 iit
607 2264 640 2319 ut
657 2280 670 2313 a
685 2258 731 2317 sui
747 2257 813 2337 ipsa
827 2275 918 2317 nemo
930 2264 993 2318 tarn
1004 2256 1112 2319 similis
1123 2257 1179 2335 sit,
1195 2263 1257 2318 tam
1272 2273 1337 2338 par,
1354 2272 1449 2335 quam

416 2381 523 2424 omnes
531 2363 612 2424 inter
622 2359 825 2443 nosmetipsos
834 2380 942 2424 sumus
955 2385 968 2419 o
979 2362 1134 2425 communi
1144 2362 1194 2424 illa
1204 2362 1317 2424 dirinae
1325 2360 1450 2423 rationis

419 2467 488 2529 dote
507 2471 560 2545 (6).
1099 2535 1102 2542 ,

457 2572 545 2636 Unde
574 2573 607 2633 fit
631 2580 684 2652 ut,
703 2590 800 2653 quum
817 2572 894 2635 ratio
918 2572 1007 2635 nobis
1024 2590 1096 2635 cum
1114 2573 1176 2633 Deo
1193 2570 1366 2633 communis
1387 2570 1448 2649 sit,

418 2685 560 2741 naturam
578 2678 636 2759 ipsi
653 2685 790 2741 nostram
806 2678 1020 2758 inspicientes,
1048 2696 1153 2739 veram
1175 2683 1205 2738 et
1227 2682 1359 2754 rectam,
1389 2676 1451 2736 imo

418 2791 449 2846 et
463 2791 611 2846 aeternam
627 2785 776 2846 rationem
792 2802 974 2866 cognoscere
991 2784 1161 2864 possimus,

426 2906 431 2925 ι’
460 2888 497 2947 Et
513 2882 608 2967 quum
625 2883 678 2948 lex'
699 2886 739 2947 sit
758 2909 772 2944 «
791 2886 867 2947 ratio
889 2904 1009 2948 summa
1031 2886 1091 2964 (7),
1114 2910 1129 2944 o
1158 2886 1333 2948 communio
1362 2883 1453 2947 nobis

419 2997 450 3051 et
466 2990 541 3071 legis
558 2997 588 3051 et
601 2990 679 3071 juris
695 3008 766 3051 oum
783 3007 905 3051 summo
919 2991 981 3051 Deo
998 2990 1176 3052 instituatur
1195 2992 1249 3069 (8).

461 3096 526 3155 Nou
552 3113 623 3175 ergo
652 3093 691 3156 da
718 3094 872 3174 moribuS,
900 3113 1001 3175 neque
1025 3095 1116 3157 etiam
1145 3093 1330 3156 decivitate
1357 3092 1454 3153 variae

328 3195 330 3199 ’
420 3198 604 3279 leges'sunt3
630 3198 765 3261 sed-una
782 3197 832 3261 lex
856 3204 921 3277 est,
939 3218 1059 3262 summa
1076 3200 1169 3273 ratio,
1197 3197 1322 3280 quaein
1346 3196 1453 3258 divina

422 3309 528 3363 nostra
553 3307 662 3362 natura
686 3308 716 3362 et
737 3301 769 3362 in
786 3302 888 3363 anima
904 3309 1008 3364 nostra
1034 3304 1161 3363 aaDeo
1178 3301 1354 3381 ingenerata
1374 3298 1415 3377 (9)
1437 3319 1451 3354 o

421 3406 632 3484 constituitur3
651 3424 721 3486 quae
736 3413 846 3469 natura
862 3404 910 3468 vel
925 3406 1001 3469 ratio
1013 3425 1030 3469 a
1043 3407 1178 3490 corporis
1192 3402 1338 3486 obsequio
1352 3401 1456 3467 indui·

453 3685 487 3750 (ι)
502 3686 539 3737 οι
549 3684 666 3749 naon,
679 3686 699 3749 1,
712 3686 736 3737 o.

451 3771 487 3837 (a)
502 3771 574 3834 rou,
587 3772 613 3835 r,
628 3772 650 3821 r.

451 3854 486 3919 (a)
502 3854 574 3917 rou,
588 3854 615 3914 1,
629 3854 653 3905 a.

451 3941 486 4007 (r)
502 3941 653 4005 rtu.‚1,r.

449 4030 484 4096 (5)
500 4030 572 4093 rou,
585 4030 609 4093 1,
623 4030 647 4081 a.

451 4118 486 4184 (s)
502 4118 575 4183 rou,
588 4120 611 4182 1,
625 4118 664 4170 ro.

452 4208 487 4274 (r)
502 4207 576 4272 rou,
588 4208 614 4272 1,
628 4209 651 4259 a.

451 4296 486 4361 (a)
503 4296 575 4359 rota,
586 4297 610 4360 1,
625 4298 646 4347 r.

454 4382 488 4449 (a)
500 4383 578 4447 uu,
591 4382 615 4447 1,
629 4386 653 4436 a.
