3500 5317
639 776 755 850 UNDE
780 775 1055 855 HAURIANTUR

832 1008 865 1045 m·

376 1194 768 1292 QUOMODO
815 1195 1322 1287 SANCIANTUR

703 1419 738 1470 M.
756 1419 786 1470 Τ.
803 1417 989 1472 CICERONIS

600 1634 1083 1768 OFFICIA.

639 2258 794 2345 CAPUT
824 2262 1033 2347 PRIMUM.

379 2495 627 2557 officiorum,
651 2499 691 2549 in
716 2499 829 2549 nbula
855 2499 888 2551 de
921 2500 1040 2571 officiis,
1068 2503 1303 2567 principium

728 2596 772 2645 ot
789 2595 953 2647 sanctio.

573 2793 593 2873 o
615 2793 645 2855 ⁴·
668 2828 707 2845 -
729 2793 903 2875 osenna
920 2794 1113 2885 nonnum·

364 2979 399 3042 lu
418 2977 563 3061 primodo
579 2978 690 3060 Officiis
705 2977 784 3041 libro
800 2978 934 3059 Tullius,
954 2998 1038 3043 more
1054 2999 1162 3043 eorum
1177 2982 1230 3063 qui
1247 2972 1352 3045 rerum

324 3093 444 3149 naiurae
465 3085 605 3164 student,
628 3086 784 3149 hominem
809 3093 957 3168 tanquam
971 3086 1085 3150 animal
1100 3086 1255 3169 quoddam
1275 3107 1352 3151 oon-

323 3191 456 3271 sidorat,
471 3190 580 3253 ceteris
596 3190 782 3254 animalibus
802 3189 1056 3255 assimulandum.
1085 3192 1123 3254 ut
1147 3192 1279 3255 hominis
1300 3212 1353 3256 ra-

323 3295 453 3375 tionem,
484 3313 577 3374 usus,
608 3313 726 3373 mores,
751 3294 833 3377 leges
850 3314 867 3358 a
885 3295 994 3358 ueteris
1015 3294 1191 3377 dignoscat,
1215 3296 1353 3377 primum

320 3401 430 3484 agendi
450 3401 598 3465 nationem
615 3408 646 3463 ei
663 3420 763 3464 mones
779 3400 917 3464 omnium
932 3400 1110 3465 animalium
1129 3401 1223 3464 oeulis
1237 3402 1353 3467 acutis-

321 3508 406 3571 simis
425 3507 600 3571 discernere
620 3514 759 3571 conatur.
782 3508 857 3582 Quis
871 3509 937 3569 haeo
954 3507 1065 3571 audeat
1082 3527 1226 3572 recusare
1242 3526 1353 3594 propo-

320 3613 400 3679 sita?
430 3614 506 3686 Quis
521 3631 634 3695 negare
649 3612 746 3694 possit
767 3613 923 3675 hominem
945 3609 1101 3693 quoddam
1129 3613 1244 3676 animal
1266 3633 1351 3695 esse,

319 3717 553 3786 necessitatibus
581 3719 653 3781 vitae
682 3720 762 3783 sieut
790 3718 894 3781 omnia
927 3717 1094 3780 animantia
1125 3718 1304 3799 obnoxium,
1323 3728 1354 3783 et

319 3831 403 3887 cerlo
422 3830 542 3890 nature
561 3823 696 3906 impulsu
720 3823 760 3887 ud
784 3821 952 3906 quaerenda
980 3822 1095 3886 cibario
1120 3824 1285 3906 omniaque
1312 3825 1352 3889 ad

320 3930 416 3993 vitam
432 3928 604 3994 necessaria
618 3932 830 4013 propensum?

358 4034 390 4097 Si
407 4034 518 4098 fortea
540 4041 569 4098 to
585 4043 741 4117 quaeretur
757 4054 850 4118 quem
874 4034 914 4098 ad
935 4054 1026 4099 usum
1052 4053 1151 4116 equus
1175 4041 1265 4098 natus
1290 4034 1349 4117 sit,

321 4138 417 4201 forma
443 4141 579 4221 corporis
604 4141 709 4222 equini
737 4140 938 4224 respondebis
956 4140 1119 4221 inspecta:
1147 4137 1188 4201 ad
1202 4157 1347 4217 oursum3

319 4243 519 4324 aiquaeretur
534 4244 574 4308 ad
595 4263 689 4326 quem
711 4264 802 4309 usum
826 4244 930 4324 oanis,
951 4245 1071 4325 impetu
1086 4243 1210 4325 proptio
1227 4250 1258 4307 ot
1282 4243 1348 4313 ins·
