3500 5317
857 583 1019 646 ..28-

421 716 458 777 Et
472 721 634 797 postquam
651 718 678 777 J.
692 714 792 777 Caemr
807 714 988 777 morientem
1005 716 1139 778 moriens
1155 716 1308 779 civitatem
1324 712 1448 797 reliquit

419 819 501 880 omni
513 818 670 881 ambitioni
682 818 880 899 audaciaequo
893 817 1067 896 obnoxiam,
1078 837 1174 900 quum
1188 819 1306 883 nullum
1321 820 1447 883 modum

417 924 594 1006 impictatis,
610 925 729 987 nullum
747 925 904 1005 injustitiae
918 926 1039 987 frenum
1052 927 1116 1005 jam
1130 933 1290 989 noscerent
1303 928 1446 1003 Quirites,

418 1048 510 1110 quam
527 1028 619 1091 marita
633 1031 664 1091 in
682 1030 784 1091 animo
800 1029 987 1093 senescentis
1003 1031 1105 1093 Patris
1117 1031 1224 1113 pctrt'oe
1234 1030 1443 1111 agitabantur!

416 1135 523 1197 Tristis
536 1153 706 1217 canusque,
724 1136 787 1197 loro
799 1142 829 1197 et
841 1142 950 1197 senatu
962 1135 1154 1215 interdictus,
1166 1136 1327 1199 deficiente
1337 1137 1444 1217 patria,

416 1240 522 1302 amicis
537 1239 761 1319 deficientibus,
779 1259 876 1321 quum
891 1260 961 1322 spes
975 1243 1041 1322 ejus
1056 1241 1189 1304 simulet
1203 1260 1286 1304 arma
1305 1260 1444 1323 pessum-

416 1345 575 1425 darentur,
590 1345 629 1410 dc
644 1347 758 1409 virtute
775 1355 877 1409 tamen
893 1354 923 1409 et
937 1348 1034 1429 patria
1052 1347 1215 1430 desperare
1230 1347 1338 1427 noluit,
1352 1354 1444 1428 atque

415 1450 510 1513 libros
526 1451 607 1530 illos,
626 1470 722 1533 usque
748 1450 788 1514 ad
811 1451 890 1513 hanc
907 1452 987 1515 diem
1006 1453 1037 1513 in
1064 1452 1172 1515 scholis
1192 1454 1328 1515 omnium
1347 1466 1457 1533 popu-'

414 1557 514 1619 lorum
541 1566 676 1620 versatos
698 1569 727 1619 et
753 1557 1000 1636 commendatos,
1029 1559 1112 1620 omni
1140 1558 1261 1640 ingenio
1284 1566 1315 1621 et
1336 1558 1445 1621 ardore

417 1663 610 1744 conscripsit,
631 1661 794 1743 inquibus
816 1662 958 1725 honestas
974 1662 1174 1743 definiretur,
1195 1666 1308 1745 jusque
1332 1666 1444 1726 victum

416 1767 633 1831 vindicaretur.
648 1769 748 1841 Quum
761 1766 876 1847 judicia
889 1766 1008 1830 venalia
1019 1776 1131 1847 essent,
1145 1770 1215 1849 jura
1229 1768 1372 1851 quaedam
1386 1769 1446 1845 imf

416 1873 554 1935 mortalia
570 1872 785 1954 proclamavit;
808 1890 905 1953 quum
923 1872 1062 1935 homines
1085 1874 1165 1935 inter
1179 1893 1212 1937 se
1227 1873 1310 1935 omni
1328 1872 1442 1935 scelere

416 1987 509 2059 atque
522 1979 634 2059 injuria
652 1986 814 2052 certarent,
834 1979 1009 2042 societatem
1027 1979 1193 2061 quamdam
1211 1980 1344 2051 caritatis
1360 1980 1448 2060 quasi

417 2084 620 2145 necessariam
638 2092 756 2147 naturae
771 2084 917 2147 humanae
933 2086 1109 2164 affirmavit5
1137 2094 1167 2149 et
1188 2106 1283 2167 quum
1304 2085 1447 2149 avunculi

419 2186 578 2249 aemulator
592 2187 669 2249 alter
685 2188 786 2251 Caesar
797 2188 862 2267 jam
880 2188 938 2251 tela
955 2196 986 2250 et
997 2188 1129 2269 legiones
1146 2209 1202 2271 pro
1217 2190 1349 2253 fascibus
1363 2196 1394 2251 et
1409 2188 1447 2251 le

420 2291 510 2374 §bus
527 2292 702 2375 praelerret,
720 2290 900 2355 exclamavit
918 2320 924 2353 ι

732 2497 960 2565 montemarano
971 2500 1006 2565 (1)
1016 2501 1022 2551 l

418 2711 549 2773 Omnem
575 2711 668 2772 vitam
692 2727 796 2787 suam,
826 2728 933 2771 omnes
965 2709 1079 2789 ingenii
1107 2716 1233 2771 conatus
1266 2707 1447 2789 laboresque

413 2816 501 2879 humi
521 2816 609 2896 quasi
635 2823 757 2877 terrena
774 2815 972 2876 concussione
995 2814 1133 2893 jacentes
1156 2814 1328 2895 aspiciens,
1346 2812 1446 2875 aedili·

400 2918 497 2979 cium
524 2916 599 2979 illud
618 2916 808 2979 destructum
837 2916 962 2978 reficere
987 2934 1080 2977 manu
1110 2915 1205 2978 voluit
1231 2915 1335 2995 senili,
1354 2923 1384 2977 et
1413 2916 1446 2978 in

414 3024 601 3088 firmioribus
618 3032 648 3085 et
665 3024 885 3108 πρακτικωτέροις
903 3023 1021 3103 erigere
1038 3022 1260 3085 fundamentis.

452 3132 520 3205 Qua
544 3139 647 3194 autem
670 3132 849 3194 auctoritate
876 3132 961 3195 cives
978 3150 1048 3193 suos
1073 3132 1213 3211 cogeret‘l
1230 3133 1328 3205 Quam
1347 3129 1444 3211 legem

412 3236 550 3301 divinam
576 3245 630 3298 aut
645 3239 816 3299 humanam
834 3238 1011 3300 invocaret‘l
1025 3240 1098 3299 Tam
1117 3236 1227 3300 multas
1243 3236 1443 3315 diversasque

412 3350 516 3425 partes
531 3344 711 3425 opinionum
725 3362 786 3425 qna
801 3363 873 3405 voce
888 3344 1084 3407 conciliaret?
1095 3346 1175 3406 Num
1188 3350 1306 3424 poterat
1319 3362 1448 3407 evocare

413 3448 646 3530 rempublicam,
661 3449 850 3524 concionem,
869 3449 998 3525 curiam,
1011 3450 1092 3527 juro,
1107 3448 1198 3511 deos‘l
1211 3450 1247 3509 Et
1258 3466 1355 3529 quum
1370 3448 1450 3509 civi-

414 3562 510 3617 tatem
538 3553 704 3635 quamdam
732 3554 848 3616 miserae
870 3551 973 3633 plebi,
990 3552 1115 3634 indigno
1131 3554 1250 3617 senatui
1268 3552 1448 3633 dignitatem

412 3658 569 3740 aliquam,
598 3660 745 3722 honorem
772 3658 1030 3740 qualemcumque
1051 3660 1187 3721 moribus
1217 3659 1346 3741 perditis
1373 3656 1449 3719 red-

416 3763 491 3826 dere
510 3771 682 3844 conaretur,
702 3764 785 3845 qnod
797 3764 845 3845 jus
862 3782 1025 3826 commune
1039 3764 1167 3826 baberet
1182 3772 1213 3826 et
1229 3762 1448 3845 praetenderet,

417 3884 478 3947 quo
496 3886 601 3930 omnes
620 3867 833 3931 vincirentur?
857 3869 936 3929 Num
954 3868 1019 3949 ipse
1036 3867 1109 3930 deos
1134 3868 1207 3931 istos
1223 3867 1366 3949 antiquos
1382 3866 1447 3928 rei-

417 3968 551 4056 publicae
565 3974 705 4036 venerari
721 3980 840 4054 poterat
850 3981 880 4035 et
890 3972 1032 4055 opinione
1041 3976 1195 4055 accipere,
1211 3992 1288 4055 quos
1303 3974 1450 4036 virtutem

413 4098 469 4166 pro
485 4081 612 4162 castris,
632 4081 777 4144 Catonem
811 4098 867 4163 pro
885 4082 1002 4144 Caesare
1020 4080 1197 4145 deserentes
1213 4080 1350 4145 viderat‘t
1363 4079 1453 4145 tude

448 4306 481 4382 (t)
497 4308 533 4364 Do
545 4308 650 4381 ospello.
664 4308 687 4373 l,
700 4308 739 4364 tt.
