3500 5317
574 1097 734 1221 aanor
762 1095 1042 1183 sacuunnu.

295 1370 403 1421 Libri
419 1322 455 1421 de
485 1368 588 1441 Officiis
610 1382 700 1420 cum
729 1369 876 1419 ceteris
902 1368 1180 1431 philosophicis
1207 1366 1326 1417 Tullii

646 1466 809 1527 noniptire
827 1464 975 1519 collati.

336 1714 514 1796 injustiores
533 1722 636 1777 antem
654 1715 686 1775 in
706 1714 837 1777 Tullium
867 1715 976 1777 merito
1005 1714 1198 1791 videremur,
1232 1713 1257 1775 si
1288 1732 1325 1776 ex

295 1821 395 1884 trihus
406 1821 473 1885 istis
487 1819 573 1882 libris
587 1818 782 1900 inferremus,
795 1818 897 1881 abillo
914 1817 1032 1883 nulium
1046 1818 1139 1881 atium
1156 1818 1325 1880 officiorum

294 1910 409 1988 iontem
436 1931 597 2006 acceptum
630 1924 740 2003 inisse,
771 1924 829 1986 nisi
853 1933 995 1987 naturam
1017 1932 1048 1987 et
1069 1924 1219 1987 rationem
1243 1922 1326 1993 nullo

294 2030 385 2092 modo
403 2029 562 2108 definitas,
581 2030 648 2091 sive
674 2028 938 2111 praetenderemus
957 2028 1040 2091 nulla
1058 2029 1115 2093 alia
1142 2029 1207 2109 lege
1229 2028 1326 2089 oiiicia

294 2133 361 2213 ejus
381 2133 511 2210 sanciri,
530 2133 589 2193 nisi
612 2134 692 2194 fama
709 2140 739 2194 et
756 2132 895 2195 utilitate.
925 2135 999 2194 Jure
1024 2133 1113 2194 nobis
1142 2131 1328 2211 objiceretur

292 2238 326 2299 in
350 2239 397 2300 his
417 2238 504 2301 libris
531 2237 663 2301 Tullium
692 2238 788 2301 officia
818 2230 958 2319 tautum,
988 2257 1049 2299 non
1075 2238 1242 2299 officiorum
1263 2238 1327 2298 ori-

294 2343 397 2423 ginem
422 2354 475 2405 ant
491 2342 680 2407 sanctionem
708 2342 883 2405 describere
902 2342 1054 2422 uoluisse3
1075 2342 1224 2422 multique
1239 2340 1327 2406 Tullii

295 2448 474 2512 deiensores
502 2450 573 2529 jure
606 2449 695 2511 nobis
726 2448 864 2510 dicerent
893 2447 978 2510 ilium
1007 2449 1039 2508 in
1076 2448 1186 2511 ceteris
1215 2446 1329 2527 scepius

294 2554 417 2637 scriptis
432 2563 462 2617 et
479 2555 562 2619 unde
587 2554 769 2617 hauriantur
792 2562 823 2617 et
845 2554 998 2635 quomodo
1026 2553 1204 2617 sanciantur
1228 2570 1328 2615 mores

293 2658 411 2742 longius
427 2662 605 2742 explicasse.
618 2662 655 2724 si
673 2661 750 2741 qnid
774 2680 844 2743 ergo
872 2680 981 2723 verum
1007 2667 1037 2722 et
1061 2657 1256 2741 probandum
1288 2658 1328 2721 dc

251 2776 259 2788 ⁴
293 2764 430 2828 Tulliana
456 2767 623 2829 ciliciorum
649 2766 840 2830 institutione
865 2764 1006 2847 praebere
1039 2765 1142 2829 lectori
1178 2763 1326 2827 benevolo

294 2871 455 2952 cupimus,
477 2871 668 2952 inspicienda
693 2862 782 2933 uobis
811 2878 883 2934 sunt
904 2889 1108 2952 quaecumque
1129 2868 1168 2931 de
1190 2868 1326 2931 moribus

295 2983 325 3037 et
340 2976 446 3038 officiis
462 2978 677 3059 conscripserit
695 3004 702 3039 z
722 2997 792 3058 quae
814 2976 939 3058 quidem
954 2976 994 3039 ad
1009 2975 1225 3039 illustrandum
1242 2993 1325 3037 sum-

294 3098 381 3143 mum
399 3079 473 3143 iilud
490 3082 601 3143 veteris
616 3082 692 3143 civis
709 3089 740 3143 et
756 3081 926 3163 philosophi
945 3100 1038 3162 epae,
1059 3088 1090 3143 et
1107 3079 1193 3161 quasi
1213 3078 1326 3144 morale

293 3193 531 3266 testamentum,
551 3187 683 3249 maxime
701 3187 857 3251 valebunt.

333 3294 403 3357 Tria
420 3294 494 3356 vitia
510 3294 543 3356 in
558 3294 645 3357 libris
666 3294 701 3357 de
720 3296 830 3376 Officiis
846 3297 1093 3378 exprobramus:

335 3398 368 3459 t⁰
383 3397 469 3461 Nullo
486 3406 573 3480 pacto
589 3399 664 3480 quid
679 3400 719 3462 sit
733 3400 866 3481 bonum,
886 3400 962 3483 quid
979 3420 1059 3479 non,
1078 3399 1207 3463 definire
1230 3418 1322 3463 cura·

293 3503 339 3567 vit
360 3503 474 3566 Tullius
498 3532 504 3565 ι
529 3524 589 3586 qua
616 3506 682 3573 sine
710 3505 908 3587 definitione,
927 3506 1010 3569 uuita
1036 3512 1137 3587 potest
1163 3524 1230 3568 esse
1253 3506 1326 3569 boni

193 3614 196 3620 '
295 3609 429 3690 malique
446 3618 528 3673 recta
548 3612 631 3672 notio
645 3618 699 3673 aut
713 3611 809 3674 libera
828 3612 947 3675 electio.

332 3716 368 3778 2⁰
387 3714 509 3777 Nullum
524 3715 607 3778 aliud
629 3716 798 3779 officiorum
815 3717 954 3801 κριτήριον,
974 3717 1031 3780 nisi
1051 3725 1192 3780 naturam
1209 3717 1323 3779 huma·

261 3842 263 3845 ’
293 3835 366 3880 nam
381 3825 501 3880 naturae
514 3818 683 3881 bestiarum
695 3819 915 3898 assimulatam,
933 3839 989 3882 nec
1002 3820 1063 3882 utto
1078 3820 1226 3882 rationem
1241 3825 1328 3901 pacto

294 3923 404 3985 rationi
423 3922 539 3985 divinae
554 3924 778 4003 consociatam,
797 3924 973 4005 praetendit.

335 4027 368 4087 3⁰
383 4026 470 4090 Nulla
486 4046 542 4109 spe
556 4029 625 4090 ritae
638 4028 817 4091 immortalis
835 4047 935 4091 mores
951 4029 1071 4091 sancire
1088 4036 1186 4091 curat.

334 4131 409 4205 Quae
422 4131 548 4214 quidem
566 4133 592 4196 si
612 4133 727 4197 Tullius
749 4132 782 4195 in
804 4132 891 4195 libris
907 4132 942 4196 dc
960 4134 1069 4215 Officiis
1084 4133 1232 4215 neglexit,
1265 4152 1326 4195 non

294 4236 367 4299 hino
383 4244 486 4301 tamen
504 4240 617 4302 inferre
633 4238 704 4301 lieet
725 4258 760 4301 ea
783 4257 1005 4322 usquequaque
1024 4240 1064 4302 ab
1091 4238 1141 4304 illo
1165 4240 1256 4315 fuisse
1274 4258 1329 4312 ne·

295 4342 400 4425 giecte.

1149 4454 1168 4516 2
