3500 5317
750 612 912 674 ..34-

311 740 362 804 illa
375 750 407 804 et
429 739 596 822 cupiditate
622 738 794 817 laudanda,
819 739 940 802 scilicet¹
963 746 1118 826 utrpartes
1134 739 1239 803 civiles
1253 747 1352 822 atque'

313 846 403 908 etiam
415 844 637 927 philosophicas
651 844 836 922 conciliaret,
848 843 1039 907 honestatem
1053 846 1244 928 expirantem
1265 845 1346 907 inter

314 951 454 1012 homines
470 928 647 1029 revocaret,
677 949 807 1029 patriam
837 954 1019 1028 pereuntem
1044 956 1193 1011 servaret.
1220 951 1256 1011 Et
1277 948 1346 1011 ideo

314 1057 482 1139 xer-quque
498 1056 682 1137 quemdam,
701 1062 735 1118 ut
746 1055 788 1117 ita
805 1055 918 1135 dicam,
937 1056 1116 1136 officiorum,
1133 1076 1194 1119 non
1209 1058 1346 1122 Ciceroni

316 1162 408 1225 modo
423 1181 498 1241 suo,
516 1162 570 1225 sed
585 1162 705 1225 civibus
721 1170 752 1223 et
768 1161 875 1243 patriae
891 1161 1015 1225 dicavit.

354 1247 442 1331 Unde
454 1268 487 1328 tit
502 1275 554 1347 ut,
573 1269 605 1329 in
620 1267 670 1329 illa
684 1267 803 1349 politica
820 1284 939 1329 morum
953 1267 1155 1346 institutione,
1171 1269 1297 1331 brevius
1306 1268 1346 1331 de

309 1374 490 1455 prudentio,
508 1392 628 1435 summa
645 1381 676 1435 et
702 1392 782 1454 pene
803 1371 909 1433 divina
926 1372 1052 1435 humani
1069 1374 1182 1453 ingenii
1211 1373 1343 1450 virtute,

314 1476 445 1541 disserat
459 1478 595 1540 Tullius:
617 1496 687 1559 quae
705 1478 802 1539 virtus
823 1477 918 1555 enim,
934 1475 973 1540 ad
992 1478 1085 1539 vitam
1102 1477 1221 1540 civilem
1234 1496 1349 1559 parum⁴

315 1581 413 1654 utilis,
443 1582 633 1663 philosophis
658 1589 689 1643 et
713 1581 810 1642 doctis
840 1581 915 1642 viris
932 1581 1126 1663 potiusquam
1143 1580 1255 1662 populo
1270 1581 1356 1662 pro?

314 1684 456 1767 ponenda
475 1684 646 1748 videbatur.
666 1685 817 1747 Omnibus
840 1703 914 1747 sane
937 1684 1052 1747 bonum
1081 1692 1128 1767 est
1149 1686 1228 1749 sciro
1251 1702 1343 1765 quam

314 1792 354 1854 sit
369 1791 539 1872 ignorantia
558 1792 675 1872 turpis,
704 1808 788 1851 error
809 1806 903 1869 quam
924 1790 1087 1852 funestus:
1106 1790 1161 1853 sed
1187 1789 1226 1852 ad
1253 1778 1343 1853 usum

315 1894 398 1975 vulgi
415 1904 494 1958 totus
507 1913 541 1957 se
554 1896 670 1956 confert
685 1894 814 1973 Tullius,
840 1901 871 1956 et
893 1912 990 1974 quum
1014 1894 1126 1957 multus
1146 1914 1184 1956 ex
1204 1893 1344 1976 patribus

315 1998 481 2078 amicisque
494 1998 558 2059 suis
571 1997 689 2076 videat,
708 1997 779 2078 qui,
798 2004 939 2059 senatum
954 2005 985 2058 et
1007 1998 1137 2077 patriam
1150 1996 1341 2070 deserentes,

315 2122 383 2167 sese
399 2112 476 2165 totos
488 2103 598 2166 litteris
611 2103 844 2185 disciplinisque
861 2102 1000 2183 dedunt,
1020 2103 1069 2165 ille
1088 2104 1146 2182 vir,
1163 2104 1242 2165 inter
1254 2100 1345 2183 philo·

315 2209 427 2291 sophos
453 2208 562 2271 latinos
587 2210 743 2289 egregius,
773 2209 857 2271 cives
880 2226 897 2269 a
921 2207 1059 2270 doctrina
1088 2208 1189 2288 potius
1213 2206 1347 2269 deterret

316 2333 408 2396 quam
421 2314 461 2377 ad
473 2314 645 2377 doctrinam
661 2321 763 2392 rooat;
777 2333 879 2395 neque
896 2314 934 2375 de
948 2312 1110 2395 prudentia
1123 2313 1182 2375 alia
1194 2320 1347 2401 praecepta

318 2420 475 2501 proponit,
494 2420 651 2498 nisibeno,
667 2438 739 2500 quae
754 2437 828 2482 sane
843 2420 1009 2499 singularia
1032 2420 1063 2480 in
1089 2438 1141 2481 ore
1167 2418 1346 2499 prudentis-

316 2523 385 2585 simi
414 2524 474 2586 viri
511 2523 731 2587 videbuntur:
763 2547 777 2583 c
807 2526 841 2585 ln
869 2525 934 2585 veri
962 2523 1154 2604 indagatione
1184 2523 1346 2604 studioque

316 2628 503 2709 quicumque
521 2636 683 2691 versantur
709 2636 839 2692 caveant
862 2647 901 2690 ne
924 2646 941 2690 a
966 2627 1059 2690 rebus
1079 2628 1224 2708 gerundis
1244 2628 1346 2691 abdu-

316 2741 444 2813 cantur,
460 2734 544 2814 quod
555 2742 660 2797 contra
678 2735 812 2798 ollioium
828 2743 875 2798 est
898 2763 904 2796 ι
924 2735 1048 2799 virtutis
1063 2736 1145 2798 euim
1163 2735 1228 2799 laus
1248 2735 1348 2797 omnis

316 2838 348 2899 iu
363 2840 482 2901 actione
498 2841 636 2903 consistit
652 2843 706 2918 (l).
729 2863 742 2897 n

318 2990 321 2995 .
357 2934 452 3006 Alteri
466 2952 568 3007 autem
584 2947 689 3008 virtuti
705 2965 776 3027 quae
790 2954 907 3027 spectat
918 2946 957 3009 ad
972 2947 1148 3011 societatem
1166 2943 1345 3009 firmandam

315 3050 544 3131 tuendamque,
564 3052 661 3131 major
675 3053 765 3115 datur
780 3065 798 3114 a
815 3054 959 3115 Cicerone
977 3053 1059 3116 locus
1076 3080 1083 3115 ι
1106 3055 1185 3117 hano
1194 3053 1347 3135 justitium

316 3154 462 3218 latissime
478 3164 583 3239 patere
595 3159 755 3239 profitetur
768 3159 854 3235 inter
865 3178 971 3223 omnes
986 3161 1134 3240 virtutes,
1150 3160 1233 3241 quod
1248 3150 1348 3224 consi-

318 3259 358 3321 lio
386 3262 477 3325 totius
502 3264 603 3344 operis
628 3274 869 3328 consentaneum
898 3274 954 3329 est.
992 3267 1223 3349 llempuhlioam
1247 3269 1348 3349 potius

318 3384 420 3446 quam,
437 3369 572 3451 privatos
597 3388 729 3451 ouranS,
757 3369 876 3452 longius
904 3370 943 3433 de
965 3372 1034 3451 jure
1055 3371 1126 3433 helli
1151 3372 1289 3451 disserit,
1317 3378 1348 3434 et

317 3490 458 3555 quumse
483 3478 607 3557 referat,
632 3486 665 3540 ut
683 3485 818 3540 veterem
837 3478 993 3541 consulem
1012 3479 1116 3560 decet,
1146 3468 1188 3541 ad
1213 3478 1346 3540 nobilem

316 3580 563 3663 senatoriamque
579 3592 718 3665 partem,
744 3585 831 3663 cujus
854 3584 982 3664 imperio
997 3584 1129 3665 legitimo
1149 3603 1197 3646 res
1212 3587 1346 3646 Romana

318 3685 435 3747 tamdiu
451 3688 546 3767 stetit,
565 3688 771 3751 &dualitatem
786 3687 890 3750 laudat
908 3690 1110 3751 necessariam
1131 3688 1275 3751 omnibus
1292 3690 1345 3769 qui

317 3788 398 3852 inter
414 3792 575 3873 optimates
588 3794 752 3874 habentur,
771 3800 802 3856 et
821 3793 969 3875 populum
988 3812 1093 3875 regere
1104 3794 1253 3873 consiliis,
1269 3813 1345 3857 auc-

316 3898 451 3978 toritate,
483 3899 600 3981 legibus
626 3900 826 3965 contendunt.
854 3902 1018 3981 Quumque
1039 3919 1143 3964 amore
1159 3901 1342 3963 inexstincto

316 4006 445 4083 patriam
463 4014 683 4087 prosequatur,
714 4024 811 4086 eoque
839 4006 936 4089 magis
962 4005 1067 4088 diligat
1094 4025 1155 4087 quo
1179 4007 1344 4087 majoribus

315 4111 461 4173 aerumnis
483 4116 513 4172 et
538 4111 649 4190 injuria
677 4120 820 4191 vexetur,
841 4119 1001 4191 postquam
1024 4112 1219 4193 conjugium,
1247 4114 1342 4175 lami·

347 4341 382 4408 (q
398 4340 432 4393 n
443 4342 552 4408 orreo,
566 4343 589 4407 1,
602 4343 626 4395 o.
