3500 5317
758 622 920 685 ..25-

317 759 422 815 autem
439 753 554 815 animal
573 760 636 833 ost,
667 753 700 815 id
730 758 815 815 motu
841 753 942 815 cietur
966 754 1112 816 interiere
1129 761 1159 817 et
1178 772 1258 817 succ
1280 773 1351 822 num

317 860 384 922 lsaeo
397 866 444 922 est
459 863 568 923 natura
582 860 705 942 propria
720 860 814 923 animi
830 868 924 942 atque
951 861 1008 924 vis.
1034 862 1111 936 Qum
1126 862 1151 923 si
1169 868 1215 924 cst
1232 880 1292 925 una
1307 882 1349 927 ex

318 961 463 1023 omnibus
477 976 549 1043 qum
559 978 593 1024 se
608 962 675 1043 ipse
689 980 813 1043 semper
823 968 964 1042 moreat,
984 982 1085 1044 neque
1102 970 1173 1025 nate
1190 972 1273 1027 certe
1283 972 1348 1044 est,

317 1073 349 1127 et
365 1075 481 1129 eterna
496 1074 545 1129 est
560 1068 644 1143 (4)...
660 1068 746 1129 lianc
760 1074 794 1129 tu
816 1086 927 1131 exerce
950 1068 982 1130 in
999 1069 1122 1149 optimis
1139 1068 1232 1131 rebus
1252 1096 1259 1131 ι
1278 1077 1353 1131 sunt

318 1179 420 1235 eutem
437 1173 562 1253 optimae
575 1191 659 1235 curae
676 1172 715 1237 de
731 1173 830 1236 salute
863 1174 982 1255 patrie.
1011 1173 1130 1248 Quibus
1159 1175 1290 1257 agitatus
1320 1184 1352 1239 ct

318 1280 502 1342 exercitatus
517 1279 640 1342 animus
657 1278 792 1343 velocius
807 1280 841 1341 iu
853 1279 934 1342 banc
949 1280 1055 1343 sedem
1072 1286 1103 1343 et
1119 1280 1245 1345 domum
1262 1298 1350 1345 suam

317 1384 501 1467 pervolabit.
517 1385 613 1466 idque
630 1386 715 1448 ocius
728 1386 828 1467 faciet,
841 1386 868 1448 si
879 1387 942 1465 jem
957 1395 1023 1449 tum
1037 1406 1134 1468 quum
1146 1389 1204 1449 erit
1213 1387 1351 1451 inclusus

316 1491 349 1551 in
366 1506 508 1572 corpore,
524 1490 673 1553 eminebit
687 1491 788 1569 foras,
808 1498 841 1553 et
852 1510 909 1570 ea,
927 1510 998 1573 quae
1019 1500 1103 1555 extra
1121 1500 1240 1571 erunt,
1269 1511 1347 1555 oon-

317 1595 498 1677 templum,
528 1610 621 1677 quam
654 1596 787 1659 maxime
816 1615 849 1659 se
875 1615 894 1659 a
923 1612 1050 1679 corpere
1076 1597 1241 1661 abstrahet.
1272 1599 1348 1659 Nam

317 1715 423 1763 eorum
453 1700 568 1779 animi,
594 1701 647 1781 qui
674 1720 708 1763 se
737 1702 872 1782 corporis
888 1700 1112 1784 ,voluptatibus
1141 1701 1346 1780 dediderunt,

318 1825 487 1887 earumque
500 1823 534 1868 se
546 1806 634 1887 quasi
649 1807 803 1869 ministros
822 1805 1042 1887 praebuerunt,
1063 1808 1260 1889 impulsuque
1274 1809 1348 1870 libi-

317 1911 425 1975 dinum
443 1910 649 1992 voluptatibus
663 1910 885 1989 obedientium,
901 1911 1029 1974 deorum
1046 1920 1077 1974 et
1102 1910 1261 1975 bominum
1275 1914 1348 2001 jure

318 2015 526 2094 violaverunt,
553 2014 733 2097 corporibus
749 2015 861 2098 elapsi,
877 2016 993 2078 ciccum
1012 2024 1124 2079 terrem
1141 2017 1239 2098 ipsam
1258 2014 1347 2081 volu-

317 2129 436 2200 tantur,
456 2140 515 2183 uec
537 2121 620 2184 huuc
639 2123 671 2183 iu
693 2122 809 2203 locum,
836 2122 896 2184 nisi
920 2121 1023 2185 multis
1046 2122 1189 2204 exagitati
1216 2122 1345 2202 seculis,

318 2233 516 2289 revertuntur
534 2228 588 2304 (2).
610 2248 624 2283 o

354 2435 433 2497 Num
448 2432 715 2495 commemorande
730 2440 803 2495 suut
817 2451 1021 2515 quoecumque
1033 2431 1148 2494 Tullius
1157 2431 1197 2495 de
1213 2433 1343 2494 immor-

315 2536 551 2616 altercantur,
570 2537 609 2599 de
625 2537 686 2599 vita
706 2538 826 2616 lutura,
859 2538 898 2599 de
927 2536 1029 2618 poenis
1059 2542 1113 2598 eut
1142 2536 1260 2617 gaudiis
1276 2544 1345 2618 post

315 2654 443 2708 mortem
457 2642 619 2726 sperandis
634 2643 873 2725 conscripserit?
950 2682 952 2686 ν

355 2775 368 2809 α
387 2752 430 2813 lix
449 2749 510 2812 vita
524 2748 566 2811 ita
583 2747 719 2827 discedo,
736 2754 884 2829 tunquam
902 2767 939 2810 ex
956 2745 1098 2828 hospitio,
1118 2764 1179 2808 uon
1197 2754 1344 2827 tauquam

312 2876 351 2919 ex
367 2856 495 2919 domo...
514 2854 639 2928 Quodsi
654 2855 686 2916 in
701 2855 758 2916 hoc
774 2873 854 2933 erro,
872 2852 956 2934 quod
973 2854 1091 2915 animos
1107 2852 1266 2915 homiuum
1284 2854 1345 2915 im-

312 2961 455 3025 mortales
471 2980 537 3023 esse
554 2960 697 3039 credam,
715 2959 847 3022 libenter
863 2978 952 3037 erro;
973 2978 1029 3021 nee
1055 2959 1128 3021 mihi
1150 2958 1233 3020 hunc
1257 2977 1344 3021 erro·

311 3086 378 3129 rem
395 3086 455 3148 quo
470 3065 604 3129 delector
618 3065 694 3127 dum
712 3066 782 3128 vivo
799 3065 974 3145 extorqueri
992 3063 1059 3126 volo
1080 3066 1131 3143 (3).
1149 3086 1162 3119 e

355 3194 371 3229 u
389 3171 520 3233 Animus
536 3178 619 3232 certe
636 3188 694 3232 uec
708 3170 844 3249 secerni,
858 3188 917 3232 nec
931 3168 1041 3246 dividi,
1054 3187 1111 3231 nec
1125 3166 1267 3249 discerpi,
1288 3186 1346 3231 nee

313 3275 439 3338 distrahi
455 3282 553 3356 potest
572 3302 579 3335 ι
599 3293 656 3336 uec
682 3274 809 3336 interire
824 3274 917 3355 igitur
935 3274 988 3350 (l).
1007 3296 1021 3330 a

354 3404 367 3437 o
385 3379 520 3441 Proiecto
539 3386 612 3444 tunc
628 3378 745 3441 erimus
761 3378 860 3457 beati,
885 3397 993 3460 quum,
1013 3376 1193 3458 corporibus
1211 3376 1341 3458 relictis,

313 3493 343 3547 et
357 3484 558 3565 cupiditatum
576 3491 607 3545 et
622 3484 853 3547 aemulationum
871 3485 987 3546 erimus
1008 3490 1161 3565 expertes.
1192 3482 1342 3564 Quodque

312 3608 396 3653 nune
412 3590 562 3667 iacimus,
579 3609 676 3671 quum
691 3590 784 3651 laxati
801 3590 885 3652 curis
912 3607 1037 3667 sumus,
1065 3594 1099 3651 ut
1121 3596 1260 3669 spectare
1284 3585 1342 3649 eli-

313 3696 389 3777 quid
412 3694 543 3757 velimus
559 3701 591 3757 et
607 3695 720 3769 visere,
755 3695 786 3758 id
808 3695 904 3757 mullo
929 3702 994 3757 tum
1025 3694 1171 3756 iaciemus
1196 3692 1342 3771 liberius,

312 3809 453 3882 totosque
468 3818 524 3863 nos
545 3799 578 3861 in
600 3800 843 3883 contemplandis
873 3799 967 3863 rebus
983 3798 1267 3885 perspiciendisque
1284 3817 1341 3879 po-

342 4076 377 4142 (1)
393 4074 642 4142 ΒιὶἰιρυὸιίιῌΙ,
656 4074 695 4126 18.

341 4162 377 4230 (Ξ)
392 4163 464 4222 ibid,
477 4162 522 4227 vi,
534 4163 575 4213 19.

341 4251 375 4317 (3)
392 4252 428 4303 De
438 4250 583 4315 Seoeetme,
596 4251 637 4304 23.

342 4337 377 4407 (t)
396 4338 466 4398 ruse.
481 4337 583 4414 (ζου),
596 4338 620 4408 l,
633 4338 673 4402 29.
