3500 5317
734 632 893 695 ..35-

295 764 432 828 exercitu
449 764 552 846 populi
573 766 691 826 romani
717 763 864 846 populum
884 766 986 846 ipsum
1012 782 1174 831 romanum
1196 785 1325 849 oppres-

292 870 396 943 sisset,
421 870 637 950 civitatemque
654 888 715 931 non
734 868 823 931 modo
837 869 985 951 liberam,
1002 871 1056 933 sed
1077 873 1168 933 etiam
1187 873 1327 954 gentibus

291 975 494 1055 imperantem
506 977 622 1037 servire
632 976 690 1037 sibi
701 976 868 1056 coegisset?
886 978 973 1038 llnno
991 984 1024 1038 tu
1040 995 1117 1057 quas
1131 978 1325 1039 eonscientiae

290 1078 375 1141 labes
388 1080 419 1140 in
433 1081 535 1141 animo
552 1098 659 1141 censes
673 1079 834 1142 habuisset
856 1098 927 1160 quae
942 1078 1068 1143 vulnera
1093 1081 1160 1162 (qt
1184 1104 1197 1137 o
1221 1083 1325 1143 Mons·

293 1191 375 1246 trum
389 1184 544 1265 quoddam
558 1185 770 1264 horrendum,
786 1186 827 1247 nil
838 1186 903 1265 J'am
920 1186 1046 1248 hnmani
1065 1188 1217 1265 retinens,
1235 1187 1327 1249 oculis

294 1289 433 1353 civilibus
444 1289 531 1352 Tullii
547 1291 668 1352 videtur
680 1299 848 1373 tyrannus:
872 1290 986 1353 «Nulla
999 1291 1126 1353 societas
1137 1309 1206 1353 cum
1218 1300 1326 1373 tyran·

294 1396 381 1458 nis...
412 1397 580 1458 Honestum
608 1405 654 1457 est
687 1404 852 1478 tyrannum
883 1414 1011 1473 necare,
1042 1403 1134 1476 atque
1156 1396 1212 1457 boc
1237 1415 1326 1459 omne

295 1518 392 1581 genus
414 1502 592 1582 pestiferum
610 1509 703 1581 atque
726 1502 856 1583 impium
874 1521 912 1563 ex
929 1503 1087 1563 hominum
1111 1504 1328 1565 communitate

296 1606 577 1669 exterminandum.
602 1608 721 1668 Etenim
740 1615 773 1668 ut
794 1607 932 1669 membra
949 1607 1091 1688 quaedam
1113 1615 1325 1689 amputantur,

295 1710 321 1771 si
336 1717 367 1772 et
382 1711 448 1791 ipsa
461 1712 609 1792 sanguine
626 1719 656 1773 et
677 1720 822 1793 tanquam
838 1712 948 1792 spiritu
971 1730 1075 1775 carere
1092 1718 1270 1793 cmperunt,
1296 1720 1327 1775 at

295 1823 406 1877 nocent
421 1815 544 1897 reliquis
561 1817 698 1897 partibus
716 1818 868 1898 eorporis3
889 1818 933 1879 sic
954 1819 1009 1880 ista
1026 1818 1058 1879 in
1079 1817 1173 1897 figura
1197 1818 1328 1881 bominis

295 1921 397 1985 feritas
413 1931 444 1985 et
457 1924 632 1986 immanitas
649 1922 789 1986 nettuaea
804 1926 960 1987 communi
976 1932 1122 2005 tanquam
1139 1925 1328 1988 humanitate

297 2031 431 2111 eorporis
445 2029 630 2111 segreganda
646 2039 693 2093 est
707 2032 758 2110 (2).
776 2054 789 2087 o
809 2032 889 2106 Quin
906 2038 935 2093 et
950 2050 1053 2093 amore
1067 2034 1175 2111 patriae
1187 2032 1328 2112 justitiae·

298 2154 359 2216 qne
376 2134 494 2217 longius
507 2135 669 2217 impulsus,
689 2137 850 2217 magnifice
864 2136 969 2199 laudat
983 2155 1053 2199 eum
1065 2138 1129 2217 qui,
1140 2154 1328 2217 quamquam

296 2244 429 2304 amicum
445 2249 474 2303 et
486 2251 645 2324 parentem
660 2244 701 2318 (3)
718 2242 890 2321 ,Caesarern
909 2262 1009 2323 nuper
1023 2241 1184 2322 occiderit,
1201 2261 1328 2323 remque

296 2344 450 2427 publicam
467 2344 506 2406 ab
523 2346 579 2407 ista
597 2352 683 2426 peste
695 2345 880 2419 liberaverit,
893 2364 989 2426 quum
1001 2348 1125 2427 propria
1140 2348 1326 2427 percusserit

299 2467 369 2511 eum
387 2468 500 2525 manu,
522 2450 639 2530 «cnjus
657 2450 727 2511 vitae
743 2470 779 2511 ea
800 2450 931 2511 conditio
948 2452 1006 2529 sit,
1035 2458 1071 2513 ut
1092 2452 1145 2532 qui
1163 2450 1246 2515 illam
1263 2453 1327 2514 eri-

299 2558 413 2636 puerit,
429 2559 461 2617 in
474 2558 605 2621 maxima
623 2565 653 2619 et
665 2558 761 2639 gratia
778 2560 901 2620 iuturus
917 2559 957 2620 sit
973 2566 1003 2620 et
1018 2559 1111 2641 gloria
1131 2560 1185 2636 (l).
1213 2582 1226 2615 o

337 2662 373 2722 Ni
391 2660 493 2738 fallor,
525 2681 563 2724 ex
590 2663 694 2743 paucis
716 2663 782 2725 istis
805 2663 981 2743 perspicere
1010 2662 1081 2724 licet
1113 2682 1174 2743 quo
1205 2663 1329 2725 consilio

297 2760 502 2840 composuerit
518 2759 572 2821 hos
596 2758 690 2821 libros
715 2758 854 2823 Tullius:
876 2778 947 2842 quae
965 2759 1111 2841 pleraque
1129 2762 1329 2823 invenientur

297 2862 412 2943 optime
426 2862 506 2924 dicta
519 2863 718 2944 judicataque
734 2881 751 2924 a
766 2863 940 2925 doctissimo
956 2864 1022 2926 viro
1034 2866 1062 2925 l.
1078 2863 1192 2942 bennit,
1208 2864 1242 2925 in
1254 2863 1328 2925 His·

298 2968 393 3029 toriee
408 2966 441 3028 de
454 2969 495 3030 Μ.
515 2969 546 3029 Τ.
563 2968 711 3029 Ciceronis
723 2968 828 3048 officiis
843 2968 1098 3029 commentatione.

340 3178 370 3240 Si
396 3178 470 3239 satis
491 3177 802 3252 demonstraverimus
819 3175 962 3257 Tullium,
988 3177 1123 3240 inlibris
1148 3178 1183 3241 de
1200 3178 1326 3259 Officiis,

299 3288 357 3349 hac
373 3293 476 3347 mente
490 3284 656 3365 impulsum
674 3286 777 3362 fuisse,
798 3293 832 3347 ut
845 3286 929 3348 cives
945 3306 981 3348 ex
997 3285 1238 3367 cupiditatibus,
1256 3303 1332 3346 ava-

300 3392 387 3469 ritia,
411 3390 502 3467 luxu,
534 3408 637 3451 amore
662 3390 711 3452 sui
738 3389 831 3452 solius
859 3398 1035 3466 revocaret,
1061 3391 1269 3469 libertatisque
1300 3397 1331 3451 et

302 3498 373 3557 vitae
388 3494 521 3576 publicae
538 3502 688 3574 reparatae
708 3493 814 3555 laudes
839 3501 931 3575 atque
957 3496 1115 3557 utilitatem
1141 3492 1329 3571 celebraret,

301 3618 429 3679 remque
456 3598 610 3678 publicam
642 3599 768 3661 reficere
791 3607 822 3661 et
846 3606 992 3681 tyrannos
1017 3598 1174 3661 destruere
1199 3617 1329 3659 conare·

301 3715 368 3784 tur,
396 3722 487 3767 nemo
504 3705 568 3785 jam
592 3704 755 3767 mirabitur
769 3704 882 3785 plum,
900 3706 931 3766 in
955 3704 1011 3765 boc
1029 3704 1128 3765 activo
1154 3704 1330 3765 officiorum

301 3810 480 3891 συντάγματι,
508 3809 621 3870 iontem
650 3809 814 3889 quemdam
845 3810 1014 3871 olfioiorum
1050 3808 1246 3889 quaesivisse,
1278 3809 1331 3888 qui

334 4085 368 4150 ιι)
383 4086 419 4137 ne
431 4086 537 4151 ornere,
553 4087 601 4149 ιιι,
613 4087 671 4136 ιι·

335 4172 369 4238 (ι)
384 4172 456 4236 ron,
470 4174 517 4237 ιιι,
530 4175 553 4225 c.

336 4260 370 4327 (a)
385 4261 457 4324 ιιιι,
470 4261 517 4325 ιιι,
530 4263 553 4312 a.

338 4347 371 4417 (ι)
389 4349 460 4413 ron,
473 4349 521 4416 ιιι,
535 4351 575 4402 ιι.
