3500 5317
739 650 899 713 ..23-

301 783 465 864 gentisque
489 800 742 864 unumquemque
759 790 900 861 revocat,
927 783 1016 863 eique
1033 784 1141 847 suadet
1161 792 1196 847 ut
1219 786 1330 870 volup·

300 895 394 953 tatem
421 889 500 950 siout
528 888 628 950 labem
652 888 786 969 aliquam
811 888 930 950 decoris
957 889 1131 969 opprimat,
1158 898 1193 953 ut
1224 891 1330 953 mortis

299 992 474 1073 dolorisque
499 993 639 1055 timorem
665 992 806 1074 abjiciat,
832 999 866 1053 ut
891 993 1068 1055 societatem
1095 994 1229 1057 caritatis
1247 1003 1333 1059 coeat

299 1119 371 1163 cum
387 1101 472 1180 suis,
492 1100 670 1182 cultumque
691 1101 748 1163 Dei
775 1107 805 1161 et
822 1118 933 1181 puram
958 1100 1135 1182 religionem
1162 1104 1326 1184 suscipiat,

302 1232 316 1266 a
337 1215 368 1271 et
389 1214 518 1269 exacuat
539 1207 622 1269 illam
639 1215 675 1268 ut
690 1206 847 1269 oculorum
864 1206 908 1268 sio
924 1206 1039 1287 ingenii
1055 1207 1170 1287 aciem,
1189 1207 1229 1271 ad
1250 1208 1330 1270 bona

300 1311 483 1393 deligenda,
513 1320 543 1373 et
561 1311 726 1391 rejicienda
747 1311 900 1373 contraria
921 1312 975 1389 (i).
997 1334 1010 1368 a
1037 1313 1192 1393 Namque,
1223 1320 1332 1375 natura

301 1428 405 1481 nostra
431 1425 461 1480 et
478 1418 595 1479 ratione
618 1416 768 1495 ducibus,
796 1424 826 1479 et
847 1416 964 1478 bonum
986 1424 1016 1478 et
1041 1416 1176 1497 maium,
1205 1419 1333 1481 honesta

302 1540 425 1603 quoque
448 1529 479 1583 et
504 1522 604 1603 turpia
625 1520 862 1601 dijudicabimus
894 1523 953 1600 (2),
980 1528 1010 1583 et
1034 1523 1166 1602 perfecta
1199 1524 1331 1602 ratione,

302 1647 402 1709 quae«
421 1628 598 1689 nominatur
612 1628 670 1688 rite
684 1628 833 1708 sapientia
852 1628 892 1706 (3)
909 1606 1036 1708 ›t‘teqem
1047 1647 1263 1709 cognoscemus
1283 1656 1291 1692 ε

319 1756 361 1799 ,α
388 1734 440 1794 nst
462 1731 588 1813 quidem
615 1751 687 1794 vera
705 1731 753 1793 lex
777 1740 858 1795 recta
887 1733 982 1809 ratio,
1001 1740 1120 1796 naturae
1143 1752 1333 1815 congruens,

303 1836 413 1899 diffusa
427 1836 459 1897 in
474 1854 594 1909 omnes,
616 1843 778 1914 constans,
797 1838 1003 1917 sempiterna;
1027 1832 1097 1918 quae
1114 1845 1201 1899 vocet
1216 1838 1255 1900 ad
1266 1840 1335 1902 oid·

302 1944 384 2025 cium
396 1941 546 2023 jubendo,
558 1941 690 2003 vetando
702 1961 719 2004 a
733 1941 841 2003 fraude
851 1941 1023 2020 deterreat;
1037 1962 1107 2023 quae
1119 1952 1221 2005 tamen
1233 1962 1334 2024 neque

302 2048 416 2130 probos
438 2048 550 2109 frustra
569 2045 659 2126 jubet
674 2053 727 2109 aut
743 2054 844 2123 vetat,
865 2066 922 2109 nec
947 2048 1104 2129 improbos
1123 2048 1263 2129 jubendo
1279 2057 1333 2111 aut

303 2151 436 2215 vetando
451 2156 562 2212 movet.
582 2152 657 2211 Huic
670 2150 728 2231 legi
746 2170 803 2213 nec
819 2151 960 2233 obrogari
976 2153 1020 2214 ias
1038 2160 1102 2231 est,
1120 2172 1221 2234 neque
1241 2153 1335 2215 dero·

304 2258 368 2340 gari
398 2276 437 2319 ex
452 2256 509 2317 hac
534 2254 651 2336 aliquid
676 2256 757 2329 licet,
779 2275 881 2337 neque
906 2264 965 2319 tota
982 2256 1121 2338 abrogari
1139 2264 1257 2341 potest,
1277 2276 1335 2321 uec

305 2380 377 2425 vero
391 2367 444 2423 aut
455 2379 511 2441 per
525 2369 665 2422 senatum
680 2369 733 2422 aut
745 2380 800 2442 per
813 2361 962 2442 populum
979 2362 1054 2423 solvi
1067 2362 1124 2424 hac
1140 2363 1206 2445 lege
1222 2382 1333 2445 possu-

306 2484 395 2543 mus;
419 2484 519 2546 neque
539 2471 585 2526 est
608 2464 795 2545 quaerendus
815 2465 993 2546 explanator
1015 2473 1069 2527 aut
1093 2466 1247 2548 interpres
1270 2468 1335 2547 ejus

306 2572 397 2647 alius,
417 2591 473 2633 neo
490 2571 549 2633 erit
564 2571 622 2633 alia
639 2570 688 2632 lex
702 2573 823 2649 Romae,
841 2554 899 2633 alia
916 2571 1064 2651 Athenis,
1082 2571 1141 2633 alia
1157 2591 1258 2651 nunc,
1276 2574 1336 2635 alia

305 2680 432 2760 posthae
451 2675 577 2741 :sedet
598 2696 704 2739 omnes
723 2684 828 2758 gentes
856 2684 888 2738 et
903 2678 986 2737 omni
1005 2683 1142 2758 tempore
1165 2696 1226 2740 una
1243 2677 1339 2741 texet

305 2783 490 2865 sempiterna
518 2791 550 2846 et
578 2782 779 2845 immutabilis
796 2782 980 2866 continebit;
999 2801 1142 2863 unusque
1169 2784 1228 2845 erit
1250 2802 1337 2845 oom-

306 2891 409 2953 munis
434 2891 521 2971 quasi
541 2890 685 2970 magister
699 2897 730 2951 et
745 2890 912 2970 imperator
928 2888 1067 2951 omnium
1084 2890 1184 2968 Deus,
1200 2889 1251 2953 ille
1265 2890 1339 2971 legis

305 2999 397 3079 hujus
412 2998 566 3078 inventor,
592 2997 787 3078 disceptator,
804 2996 896 3073 iat0r;
924 2997 973 3058 cui
989 2998 1042 3077 qui
1060 3015 1121 3057 non
1136 2996 1257 3077 parebit
1274 2996 1339 3077 ipse

306 3122 340 3166 se
364 3104 474 3185 fugiet,
500 3123 536 3165 ac
562 3111 705 3166 naturam
730 3101 863 3164 hominis
888 3108 1089 3182 aspernatuS,
1116 3103 1173 3163 hoe
1189 3102 1255 3183 ipso
1277 3101 1340 3164 iuet

306 3211 456 3273 maximas
486 3229 608 3292 poenas,
637 3209 757 3272 etiamsi
780 3217 883 3272 cetera
910 3208 1060 3291 supplicia
1091 3227 1162 3290 quae
1191 3216 1340 3291 putantur

308 3316 448 3397 effugerit
466 3317 521 3393 (i).
544 3338 558 3373 a

348 3422 393 3482 Ex
424 3421 632 3503 cognoscenda
655 3429 758 3485 autem
786 3429 816 3485 et
841 3419 1033 3503 providenda
1057 3420 1122 3501 loge
1147 3427 1213 3483 orta
1242 3420 1341 3483 virtus

308 3513 731 3610 appellabiturprndcntio:
760 3553 774 3588 o
807 3527 889 3603 Quid
921 3527 982 3589 dici
1008 3534 1061 3590 aut
1088 3527 1214 3609 cogitari
1242 3534 1341 3610 potest

309 3634 430 3698 beatius
448 3637 539 3715 (5)‘ir

341 3893 376 3960 (t)
391 3893 554 3959 munitur,
568 3894 594 3956 1,
607 3894 646 3945 23.

343 3980 377 4046 (Ξ)
393 3980 467 4044 ibid,
481 3980 505 4045 1,
519 3981 557 4031 ti.

343 4068 378 4135 (3)
393 4068 466 4133 ibid,
478 4069 502 4132 1,
517 4070 540 4120 i.

344 4159 379 4223 (i)
394 4158 429 4209 De
440 4159 587 4225 Republica,
600 4159 643 4224 ill,
656 4160 685 4211 tr
694 4196 701 4223 ,
711 4160 770 4228 apud
782 4161 894 4223 iactant,
908 4160 950 4224 vl,
963 4162 986 4212 8.

345 4248 379 4318 (ὅ)
395 4249 431 4300 Dc
441 4248 558 4317 Legibus,
568 4250 593 4313 i,
605 4249 644 4301 23.
