3500 5317
859 678 1020 742 ..20-

422 812 599 895 dignoscere
619 800 780 891 volumus,
815 809 1010 874 efficiendum
1028 794 1075 871 est
1095 816 1129 870 nt
1154 825 1271 890 nequa
1297 818 1370 889 pars
1393 824 1451 870 na-

422 923 500 979 turae
515 924 629 979 nostrae
645 917 804 997 ignoretur
819 914 868 979 vel
884 914 1055 996 negligatur
1071 913 1123 992 (l).

461 1127 553 1200 Turn,
576 1124 616 1187 ad
641 1130 777 1186 veterem
795 1122 991 1186 Academiam
1016 1120 1234 1201 Platonemque
1256 1127 1285 1183 el
1306 1118 1451 1182 Aristote-

420 1229 480 1293 lem
507 1229 661 1312 praeeipue
689 1246 874 1305 conversus,
897 1227 975 1305 hoe,
1001 1225 1085 1307 quod
1112 1226 1143 1313 in
1172 1224 1259 1287 libris
1284 1224 1319 1286 de
1344 1223 1452 1305 Officiis
1493 1222 1515 1276 ν’

420 1334 496 1397 adeo
517 1334 667 1416 neglexit,
693 1332 845 1411 ostendit,
875 1330 1094 1394 summobono
1115 1330 1147 1391 in
1169 1329 1358 1411 philosophia
1375 1348 1450 1391 oon·

419 1439 542 1517 stitnto,
560 1439 722 1500 constituta
737 1455 804 1499 esse
821 1436 942 1511 omnia,
961 1442 992 1497 et
1009 1454 1046 1498 ex
1064 1452 1185 1498 summo
1202 1434 1281 1497 hono
1296 1433 1450 1496 deducen-

420 1544 491 1607 dam
513 1563 579 1607 esse
595 1563 718 1606 omnem
740 1541 865 1606 vivendi
883 1543 1059 1605 rationem:
1088 1542 1246 1623 «Cognito
1270 1542 1352 1603 enlm
1375 1541 1450 1621 quid

418 1643 458 1712 sit
474 1658 505 1711 et
518 1650 668 1712 bonorum
681 1655 866 1726 extremum,
881 1655 910 1709 et
924 1646 1084 1725 malorum,
1096 1647 1221 1708 inventa
1237 1647 1309 1707 vitoe
1325 1648 1373 1708 via
1390 1654 1447 1725 est,

418 1758 691 1837 conformatioque
708 1756 844 1817 omnium
857 1755 1025 1817 officiorum
1043 1756 1094 1831 (i).
1118 1777 1130 1809 a
1148 1756 1233 1816 Hanc
1248 1760 1350 1816 autern
1367 1754 1446 1815 riam

418 1870 449 1925 et
464 1864 733 1925 eoniormationem
750 1862 820 1925 vilae
832 1882 869 1924 ex
888 1869 996 1923 natura
1010 1868 1111 1924 nostra
1129 1861 1328 1924 hauriendam
1342 1880 1448 1925 omnes

417 1966 588 2048 philosophi
605 1968 810 2028 consentiunt.
831 1968 908 2041 Quae
921 1968 961 2029 sit
978 1973 1081 2028 aulem
1099 1964 1167 2049 ὁρμὴ
1184 1974 1303 2028 naturae
1313 1966 1446 2047 primum

417 2072 626 2134 deliniendum
644 2079 710 2151 est,
730 2080 761 2133 et
785 2090 881 2152 quum
905 2091 959 2133 sua
986 2072 1135 2151 cujusque
1156 2073 1320 2133 animantis
1339 2079 1446 2134 natura

416 2177 475 2254 sit,
492 2176 561 2237 huis
574 2177 711 2237 omnium
730 2178 788 2236 erit
801 2184 836 2236 ut
853 2182 963 2237 natura
979 2193 1085 2236 eorum
1101 2174 1261 2255 expleatur
1279 2176 1343 2253 (3).-

458 2282 514 2343 Sui
530 2281 622 2362 ipsius
638 2298 724 2342 umor
748 2281 866 2361 primus
889 2288 934 2341 est
958 2287 989 2341 et
1011 2280 1135 2343 innatus
1161 2289 1280 2341 nalurae
1305 2280 1447 2343 humanae

415 2387 576 2468 impulsus.
592 2388 629 2446 Et
643 2386 788 2466 quoniam
806 2386 864 2466 ipsi
881 2404 897 2449 a
916 2385 1005 2447 nohis
1023 2395 1132 2449 natura
1148 2386 1321 2467 diligimur,
1346 2387 1445 2448 omnia

413 2499 445 2553 et
464 2492 640 2572 incorpore
661 2498 692 2553 et
713 2492 745 2552 in
766 2492 885 2571 animo,
907 2510 1002 2572 quum
1023 2492 1219 2572 perspicuum
1236 2492 1275 2553 sit
1291 2492 1445 2553 hominem

414 2616 571 2679 eoorpore
585 2598 750 2679 animoque
765 2605 923 2675 constare,
940 2600 1075 2679 perlecta
1095 2599 1160 2659 lieri
1183 2598 1260 2661 velle
1273 2597 1444 2675 dehemus;

412 2709 505 2782 atque
525 2703 557 2762 in
577 2702 638 2762 rita
655 2721 725 2781 quae
739 2703 780 2763 sit
793 2703 887 2764 animi
902 2703 1100 2783 corporisque
1118 2702 1238 2783 expleta
1262 2702 1443 2782 virtutibus,

412 2824 568 2867 summum
585 2806 702 2867 honum
720 2806 792 2887 poni
807 2825 932 2868 neeesse
949 2815 1003 2869 est.

455 2913 554 2985 «Quo
571 2913 710 2992 cognito,
739 2913 873 2974 dubitari
903 2932 963 2975 non
994 2920 1111 2995 potest,
1135 2914 1232 2995 quin,
1262 2932 1358 2995 quum
1385 2914 1444 2995 ipsi

411 3018 551 3079 homines
574 3017 632 3078 sihi
658 3019 719 3079 sint
734 3037 789 3099 per
805 3037 838 3080 se
853 3026 884 3080 et
898 3037 951 3081 sua
970 3026 1079 3099 sponte
1096 3019 1174 3096 uari,
1202 3026 1304 3099 parles
1321 3034 1445 3097 quoque

411 3128 442 3185 et
457 3121 591 3201 corporis
607 3129 638 3183 et
651 3123 745 3184 animi
765 3130 795 3184 et
811 3136 918 3184 earum
937 3142 1041 3185 rerum
1057 3142 1128 3203 quae
1144 3123 1264 3183 suntin
1282 3121 1443 3200 utriusque

410 3233 494 3288 motu
511 3234 542 3287 et
555 3235 657 3304 statu,
682 3247 736 3290 sua
760 3230 886 3291 caritate
910 3229 1066 3308 colantur,
1085 3236 1116 3291 et
1131 3248 1186 3310 per
1202 3246 1234 3289 se
1251 3228 1317 3309 ipsa
1343 3245 1445 3307 oppe-¹

410 3339 524 3395 tantur.
543 3332 662 3406 Quibus
678 3335 839 3415 expositis,
856 3335 950 3397 facilis
968 3344 1013 3397 est
1030 3337 1221 3414 conjectura,
1248 3352 1282 3396 ea
1309 3334 1442 3395 maxime

408 3455 475 3500 esse
489 3439 660 3519 expetenda
677 3458 714 3499 ex
728 3440 849 3518 nostrie,
868 3459 939 3521 quee
951 3440 1118 3521 plurimum
1131 3440 1247 3501 habent
1259 3439 1415 3519 dignitatis
1431 3466 1439 3501 ε

409 3548 442 3603 ut
467 3543 591 3623 optimae
613 3543 761 3624 cujusque
784 3546 896 3625 partis,
919 3564 990 3625 quae
1006 3563 1061 3626 per
1087 3564 1119 3605 se
1144 3551 1319 3626 expetatur,
1341 3544 1442 3607 virtus

406 3648 446 3710 sit
471 3647 642 3728 expetenda
669 3639 809 3709 maxime.
838 3650 881 3711 lta
913 3648 966 3710 liet
997 3657 1030 3709 ut
1056 3649 1151 3711 animi
1180 3648 1278 3710 virtus
1306 3648 1443 3729 eorporis

407 3753 513 3814 virtuli
548 3760 779 3835 anteponatur,
815 3754 971 3833 animique
1002 3754 1132 3816 virtutes
1163 3772 1224 3814 nou
1253 3752 1441 3815 voluntarias

407 3858 531 3919 vineant
559 3858 687 3919 virtutes
705 3858 911 3920 voluntariae:
939 3876 1011 3938 quae
1038 3857 1164 3938 quidem
1190 3858 1314 3937 proprie
1344 3857 1441 3917 virtu·

405 3966 450 4021 tes
472 3960 681 4041 appellantur,
702 3960 895 4042 multumque
917 3961 1083 4040 excellunt,
1103 3968 1263 4044 propterea
1291 3960 1372 4041 qnod
1400 3978 1440 4023 ex

435 4217 469 4283 (l)
485 4217 521 4269 lle
532 4216 648 4283 utalaae,
662 4220 700 4283 lll,
713 4221 751 4271 ld.

435 4303 469 4368 (Ξ)
486 4304 557 4369 totu,
569 4306 596 4368 ll,
609 4307 632 4357 6.

434 4386 469 4451 (3)
486 4387 558 4448 thid,
572 4388 599 4451 V,
613 4388 636 4439 9.
